@article{10.1002/jcc.20823,
  title = {Cclib: {{A}} Library for Package-Independent Computational Chemistry Algorithms},
  shorttitle = {Cclib},
  author = {O'boyle, Noel M. and Tenderholt, Adam L. and Langner, Karol M.},
  year = {2008},
  journal = {J. Comput. Chem.},
  volume = {29},
  pages = {839--845},
  doi = {10.1002/jcc.20823}
}

@article{10.1002/jcc.23153,
  title = {Consistent {{Gaussian}} Basis Sets of Triple-Zeta Valence with Polarization Quality for Solid-State Calculations},
  author = {Peintinger, Michael F. and Oliveira, Daniel Vilela and Bredow, Thomas},
  year = {2013},
  journal = {J. Comput. Chem.},
  volume = {34},
  pages = {451--459},
  doi = {10.1002/jcc.23153}
}

@article{10.1002/jcc.540141112,
  title = {General Atomic and Molecular Electronic Structure System},
  author = {Schmidt, Michael W. and Baldridge, Kim K. and Boatz, Jerry A. and Elbert, Steven T. and Gordon, Mark S. and Jensen, Jan H. and Koseki, Shiro and Matsunaga, Nikita and Nguyen, Kiet A. and Su, Shujun and Windus, Theresa L. and Dupuis, Michel and Montgomery, John A.},
  year = {1993},
  journal = {J. Comput. Chem.},
  volume = {14},
  pages = {1347--1363},
  doi = {10.1002/jcc.540141112}
}

@article{10.1002/qua.560030202,
  title = {{Cluster expansion analysis for delocalized systems}},
  author = {{\v C}{\'i}{\v z}ek, J. and Paldus, J. and {\v S}roubkov{\'a}, L.},
  year = {1969},
  journal = {Int. J. Quantum Chem.},
  volume = {3},
  pages = {149--167},
  doi = {10.1002/qua.560030202}
}

@article{10.1002/SICI1097-461X199764:2<183::AID-QUA5>3.0.CO;2-S,
  title = {Energies of Dipole-Bound Anionic States},
  author = {Gutowski, Maciej and Skurski, Piotr and Jordan, Kenneth D. and Simons, Jack},
  year = {1997},
  journal = {Int. J. Quantum Chem.},
  volume = {64},
  pages = {183--191},
  doi = {10.1002/(SICI)1097-461X(1997)64:2<183::AID-QUA5>3.0.CO;2-S}
}

@article{10.1002/wcms.1340,
  title = {{{PySCF}}: The {{Python-based}} Simulations of Chemistry Framework},
  shorttitle = {{{PySCF}}},
  author = {Sun, Qiming and Berkelbach, Timothy C. and Blunt, Nick S. and Booth, George H. and Guo, Sheng and Li, Zhendong and Liu, Junzi and McClain, James D. and Sayfutyarova, Elvira R. and Sharma, Sandeep and Wouters, Sebastian and Chan, Garnet Kin-Lic},
  year = {2018},
  journal = {WIREs Comput. Mol. Sci.},
  volume = {8},
  pages = {e1340},
  doi = {10.1002/wcms.1340}
}

@article{10.1002/wcms.1360,
  title = {Quantum-Mechanical Condensed Matter Simulations with {{CRYSTAL}}},
  author = {Dovesi, Roberto and Erba, Alessandro and Orlando, Roberto and {Zicovich-Wilson}, Claudio M. and Civalleri, Bartolomeo and Maschio, Lorenzo and R{\'e}rat, Michel and Casassa, Silvia and Baima, Jacopo and Salustro, Simone and Kirtman, Bernard},
  year = {2018},
  journal = {WIREs Comput. Mol. Sci.},
  volume = {8},
  pages = {e1360},
  doi = {10.1002/wcms.1360}
}

@article{10.1002/wcms.1364,
  title = {Ab Initio Computations of Molecular Systems by the Auxiliary-Field Quantum {{Monte Carlo}} Method},
  author = {Motta, Mario and Zhang, Shiwei},
  year = {2018},
  journal = {WIREs Comput. Mol. Sci.},
  volume = {8},
  pages = {e1364},
  doi = {10.1002/wcms.1364}
}

@incollection{10.1007/978-3-319-42913-7_47-1,
  title = {Ab {{Initio Electronic Structure Calculations}} by {{Auxiliary-Field Quantum Monte Carlo}}},
  booktitle = {Handbook of {{Materials Modeling}} : {{Methods}}: {{Theory}} and {{Modeling}}},
  author = {Zhang, Shiwei},
  editor = {Andreoni, Wanda and Yip, Sidney},
  year = {2018},
  pages = {1--27},
  address = {{Cham}},
  doi = {10.1007/978-3-319-42913-7_47-1},
  isbn = {978-3-319-42913-7}
}

@article{10.1007/BF01030009,
  title = {Fermion Nodes},
  author = {Ceperley, D. M.},
  year = {1991},
  month = jun,
  journal = {J Stat Phys},
  volume = {63},
  pages = {1237--1267},
  doi = {10.1007/BF01030009}
}

@article{10.1007/s00601-021-01636-x,
  title = {Theoretical {{Study For Positron Binding}} and {{Annihilation}} of {{Alcohol Clusters}}},
  author = {Tachikawa, Masanori and Yoshida, Daisuke},
  year = {2021},
  month = jul,
  journal = {Few-Body Syst},
  volume = {62},
  pages = {48},
  doi = {10.1007/s00601-021-01636-x}
}

@article{10.1007/s40089-017-0203-5,
  title = {Band Gap Opening in Graphene: A Short Theoretical Study},
  shorttitle = {Band Gap Opening in Graphene},
  author = {Sahu, Sivabrata and Rout, G. C.},
  year = {2017},
  month = jun,
  journal = {Int Nano Lett},
  volume = {7},
  pages = {81--89},
  doi = {10.1007/s40089-017-0203-5}
}

@article{10.1016/0003-49168690107-7,
  title = {Auxiliary Field {{Monte-Carlo}} for Quantum Many-Body Ground States},
  author = {Sugiyama, G and Koonin, S. E},
  year = {1986},
  month = apr,
  journal = {Annals of Physics},
  volume = {168},
  pages = {1--26},
  doi = {10.1016/0003-4916(86)90107-7}
}

@article{10.1016/0009-26147080045-8,
  title = {Critical Binding of an Electron to a Non-Stationary Electric Dipole},
  author = {Garrett, W. R.},
  year = {1970},
  month = may,
  journal = {Chemical Physics Letters},
  volume = {5},
  pages = {393--397},
  doi = {10.1016/0009-2614(70)80045-8}
}

@article{10.1016/0009-26148880110-6,
  title = {A New Implementation of the Full {{CCSDT}} Model for Molecular Electronic Structure},
  author = {Scuseria, Gustavo E. and Schaefer, Henry F.},
  year = {1988},
  month = nov,
  journal = {Chemical Physics Letters},
  volume = {152},
  pages = {382--386},
  doi = {10.1016/0009-2614(88)80110-6}
}

@article{10.1016/0009-26148885250-3,
  title = {{{MP2}} Energy Evaluation by Direct Methods},
  author = {{Head-Gordon}, Martin and Pople, John A. and Frisch, Michael J.},
  year = {1988},
  month = dec,
  journal = {Chemical Physics Letters},
  volume = {153},
  pages = {503--506},
  doi = {10.1016/0009-2614(88)85250-3}
}

@article{10.1016/0009-26148987442-1,
  title = {Avoiding the Integral Storage Bottleneck in {{LCAO}} Calculations of Electron Correlation},
  author = {S{\ae}b{\o}, Svein and Alml{\"o}f, Jan},
  year = {1989},
  month = jan,
  journal = {Chemical Physics Letters},
  volume = {154},
  pages = {83--89},
  doi = {10.1016/0009-2614(89)87442-1}
}

@article{10.1016/0009-26149080029-D,
  title = {A Direct {{MP2}} Gradient Method},
  author = {Frisch, Michael J. and {Head-Gordon}, Martin and Pople, John A.},
  year = {1990},
  month = feb,
  journal = {Chemical Physics Letters},
  volume = {166},
  pages = {275--280},
  doi = {10.1016/0009-2614(90)80029-D}
}

@article{10.1016/0009-26149080030-H,
  title = {Semi-Direct Algorithms for the {{MP2}} Energy and Gradient},
  author = {Frisch, Michael J. and {Head-Gordon}, Martin and Pople, John A.},
  year = {1990},
  month = feb,
  journal = {Chemical Physics Letters},
  volume = {166},
  pages = {281--289},
  doi = {10.1016/0009-2614(90)80030-H}
}

@article{10.1016/0009-26149389023-B,
  title = {The Equation-of-Motion Coupled-Cluster Method. {{Applications}} to Open- and Closed-Shell Reference States},
  author = {Comeau, Donald C. and Bartlett, Rodney J.},
  year = {1993},
  month = may,
  journal = {Chemical Physics Letters},
  volume = {207},
  pages = {414--423},
  doi = {10.1016/0009-2614(93)89023-B}
}

@article{10.1016/0009-26149400116-2,
  title = {Analytic {{MP2}} Frequencies without Fifth-Order Storage. {{Theory}} and Application to Bifurcated Hydrogen Bonds in the Water Hexamer},
  author = {{Head-Gordon}, Martin and {Head-Gordon}, Teresa},
  year = {1994},
  month = mar,
  journal = {Chemical Physics Letters},
  volume = {220},
  pages = {122--128},
  doi = {10.1016/0009-2614(94)00116-2}
}

@article{10.1016/0021-99917190054-4,
  title = {Monte-{{Carlo}} Solution of {{Schr\"odinger}}'s Equation},
  author = {Grimm, R. C and Storer, R. G},
  year = {1971},
  month = feb,
  journal = {Journal of Computational Physics},
  volume = {7},
  pages = {134--156},
  doi = {10.1016/0021-9991(71)90054-4}
}

@article{10.1016/0263-78559600018-5,
  title = {{{VMD}}: {{Visual}} Molecular Dynamics},
  shorttitle = {{{VMD}}},
  author = {Humphrey, William and Dalke, Andrew and Schulten, Klaus},
  year = {1996},
  month = feb,
  journal = {Journal of Molecular Graphics},
  volume = {14},
  pages = {33--38},
  doi = {10.1016/0263-7855(96)00018-5}
}

@incollection{10.1016/B978-044451719-7/50084-6,
  title = {Chapter 41 - {{Advances}} in Electronic Structure Theory: {{GAMESS}} a Decade Later},
  shorttitle = {Chapter 41 - {{Advances}} in Electronic Structure Theory},
  booktitle = {Theory and {{Applications}} of {{Computational Chemistry}}},
  author = {Gordon, Mark S. and Schmidt, Michael W.},
  editor = {Dykstra, Clifford E. and Frenking, Gernot and Kim, Kwang S. and Scuseria, Gustavo E.},
  year = {2005},
  month = jan,
  pages = {1167--1189},
  address = {{Amsterdam}},
  doi = {10.1016/B978-044451719-7/50084-6},
  isbn = {978-0-444-51719-7}
}

@incollection{10.1016/bs.aiq.2015.07.003,
  title = {Chapter {{Fifteen}} - {{Introduction}} to the {{Variational}} and {{Diffusion Monte Carlo Methods}}},
  booktitle = {Advances in {{Quantum Chemistry}}},
  author = {Toulouse, Julien and Assaraf, Roland and Umrigar, Cyrus J.},
  editor = {Hoggan, Philip E. and Ozdogan, Telhat},
  year = {2016},
  month = jan,
  series = {Electron {{Correlation}} in {{Molecules}} \textendash{} Ab Initio {{Beyond Gaussian Quantum Chemistry}}},
  volume = {73},
  pages = {285--314},
  doi = {10.1016/bs.aiq.2015.07.003}
}

@article{10.1016/j.carbon.2006.09.027,
  title = {Hydrogen Pairing on Graphene},
  author = {Roman, Tanglaw and Di{\~n}o, Wilson Agerico and Nakanishi, Hiroshi and Kasai, Hideaki and Sugimoto, Tsuyoshi and Tange, Kyouichi},
  year = {2007},
  month = jan,
  journal = {Carbon},
  volume = {45},
  pages = {218--220},
  doi = {10.1016/j.carbon.2006.09.027}
}

@article{10.1016/j.carbon.2021.02.056,
  title = {Permeation of Chemisorbed Hydrogen through Graphene: {{A}} Flipping Mechanism Elucidated},
  shorttitle = {Permeation of Chemisorbed Hydrogen through Graphene},
  author = {Bartolomei, Massimiliano and Hern{\'a}ndez, Marta I. and {Campos-Mart{\'i}nez}, Jos{\'e} and {Hern{\'a}ndez-Lamoneda}, Ram{\'o}n and Giorgi, Giacomo},
  year = {2021},
  month = jun,
  journal = {Carbon},
  volume = {178},
  pages = {718--727},
  doi = {10.1016/j.carbon.2021.02.056}
}

@article{10.1016/j.cpc.2010.04.018,
  title = {{{NWChem}}: {{A}} Comprehensive and Scalable Open-Source Solution for Large Scale Molecular Simulations},
  shorttitle = {{{NWChem}}},
  author = {Valiev, M. and Bylaska, E. J. and Govind, N. and Kowalski, K. and Straatsma, T. P. and Van Dam, H. J. J. and Wang, D. and Nieplocha, J. and Apra, E. and Windus, T. L. and {de Jong}, W. A.},
  year = {2010},
  month = sep,
  journal = {Computer Physics Communications},
  volume = {181},
  pages = {1477--1489},
  doi = {10.1016/j.cpc.2010.04.018}
}

@article{10.1016/j.cpc.2015.08.012,
  title = {Nexus: {{A}} Modular Workflow Management System for Quantum Simulation Codes},
  shorttitle = {Nexus},
  author = {Krogel, Jaron T.},
  year = {2016},
  month = jan,
  journal = {Computer Physics Communications},
  volume = {198},
  pages = {154--168},
  doi = {10.1016/j.cpc.2015.08.012}
}

@article{10.1016/j.cplett.2009.04.007,
  title = {Rotational States of Dipole-Bound Anions of Hydrogen Cyanide},
  author = {Ard, Shaun and Garrett, W. and Compton, Robert and Adamowicz, Ludwik and Stepanian, Stepan},
  year = {2009},
  month = may,
  journal = {Chemical Physics Letters - CHEM PHYS LETT},
  volume = {473},
  pages = {223--226},
  doi = {10.1016/j.cplett.2009.04.007}
}

@article{10.1016/j.jmmm.2009.11.014,
  title = {Concentration Dependent Magnetism Induced by Hydrogen Adsorption on Graphene and Single Walled Carbon Nanotubes},
  author = {Li, Weifeng and Zhao, Mingwen and He, Tao and Song, Chen and Lin, Xiaohang and Liu, Xiangdong and Xia, Yueyuan and Mei, Liangmo},
  year = {2010},
  month = apr,
  journal = {Journal of Magnetism and Magnetic Materials},
  volume = {322},
  pages = {838--843},
  doi = {10.1016/j.jmmm.2009.11.014}
}

@article{10.1016/j.jms.2006.03.009,
  title = {The Diffuse Interstellar Bands: {{A}} Major Problem in Astronomical Spectroscopy},
  shorttitle = {The Diffuse Interstellar Bands},
  author = {Sarre, Peter J.},
  year = {2006},
  month = jul,
  journal = {Journal of Molecular Spectroscopy},
  volume = {238},
  pages = {1--10},
  doi = {10.1016/j.jms.2006.03.009}
}

@article{10.1016/j.rser.2015.05.011,
  title = {Hydrogen Storage: {{Materials}}, Methods and Perspectives},
  shorttitle = {Hydrogen Storage},
  author = {Niaz, Saba and Manzoor, Taniya and Pandith, Altaf Hussain},
  year = {2015},
  month = oct,
  journal = {Renewable and Sustainable Energy Reviews},
  volume = {50},
  pages = {457--469},
  doi = {10.1016/j.rser.2015.05.011}
}

@article{10.1016/S0009-26148987395-6,
  title = {A Fifth-Order Perturbation Comparison of Electron Correlation Theories},
  author = {Raghavachari, Krishnan and Trucks, Gary W. and Pople, John A. and {Head-Gordon}, Martin},
  year = {1989},
  month = may,
  journal = {Chemical Physics Letters},
  volume = {157},
  pages = {479--483},
  doi = {10.1016/S0009-2614(89)87395-6}
}

@article{10.1016/S0009-26149788028-1,
  title = {Valence and Excited Dipole-Bound States of Polar Diatomic Anions: {{LiH}}-, {{LiF}}-, {{LiCl}}-, {{NaH}}-, {{NaF}}-, {{NaCl}}-, {{BeO}}-, and {{MgO}}-},
  shorttitle = {Valence and Excited Dipole-Bound States of Polar Diatomic Anions},
  author = {Gutsev, Gennady L. and Nooijen, Marcel and Bartlett, Rodney J.},
  year = {1997},
  month = sep,
  journal = {Chemical Physics Letters},
  volume = {276},
  pages = {13--19},
  doi = {10.1016/S0009-2614(97)88028-1}
}

@article{10.1016/S0009-26149801337-2,
  title = {{{DFT}} Investigation of the Adsorption of Atomic Hydrogen on a Cluster-Model Graphite Surface},
  author = {Jeloaica, L. and Sidis, V.},
  year = {1999},
  month = jan,
  journal = {Chemical Physics Letters},
  volume = {300},
  pages = {157--162},
  doi = {10.1016/S0009-2614(98)01337-2}
}

@article{10.1016/S0039-60280101602-8,
  title = {First-Principles Study of the Structural and Energetic Properties of {{H}} Atoms on a Graphite (0001) Surface},
  author = {Sha, Xianwei and Jackson, Bret},
  year = {2002},
  month = jan,
  journal = {Surface Science},
  volume = {496},
  pages = {318--330},
  doi = {10.1016/S0039-6028(01)01602-8}
}

@article{10.1021/acs.jchemed.6b00392,
  title = {Teaching {{Reciprocal Space}} to {{Undergraduates}} via {{Theory}} and {{Code Components}} of an {{IPython Notebook}}},
  author = {Srnec, Matthew N. and Upadhyay, Shiv and Madura, Jeffry D.},
  year = {2016},
  month = dec,
  journal = {J. Chem. Educ.},
  volume = {93},
  pages = {2106--2109},
  doi = {10.1021/acs.jchemed.6b00392}
}

@article{10.1021/acs.jchemed.7b00003,
  title = {A {{Python Program}} for {{Solving Schr\"odinger}}'s {{Equation}} in {{Undergraduate Physical Chemistry}}},
  author = {Srnec, Matthew N. and Upadhyay, Shiv and Madura, Jeffry D.},
  year = {2017},
  month = jun,
  journal = {J. Chem. Educ.},
  volume = {94},
  pages = {813--815},
  doi = {10.1021/acs.jchemed.7b00003}
}

@article{10.1021/acs.jctc.0c00055,
  title = {Utilizing {{Essential Symmetry Breaking}} in {{Auxiliary-Field Quantum Monte Carlo}}: {{Application}} to the {{Spin Gaps}} of the {{C36 Fullerene}} and an {{Iron Porphyrin Model Complex}}},
  shorttitle = {Utilizing {{Essential Symmetry Breaking}} in {{Auxiliary-Field Quantum Monte Carlo}}},
  author = {Lee, Joonho and Malone, Fionn D. and Morales, Miguel A.},
  year = {2020},
  month = apr,
  journal = {J. Chem. Theory Comput.},
  doi = {10.1021/acs.jctc.0c00055}
}

@article{10.1021/acs.jctc.0c00070,
  title = {Predicting {{Ligand-Dissociation Energies}} of 3d {{Coordination Complexes}} with {{Auxiliary-Field Quantum Monte Carlo}}},
  author = {Rudshteyn, Benjamin and Coskun, Dilek and Weber, John L. and Arthur, Evan J. and Zhang, Shiwei and Reichman, David R. and Friesner, Richard A. and Shee, James},
  year = {2020},
  month = may,
  journal = {J. Chem. Theory Comput.},
  volume = {16},
  pages = {3041--3054},
  doi = {10.1021/acs.jctc.0c00070}
}

@article{10.1021/acs.jctc.7b00224,
  title = {Chemical {{Transformations Approaching Chemical Accuracy}} via {{Correlated Sampling}} in {{Auxiliary-Field Quantum Monte Carlo}}},
  author = {Shee, James and Zhang, Shiwei and Reichman, David R. and Friesner, Richard A.},
  year = {2017},
  month = jun,
  journal = {J. Chem. Theory Comput.},
  volume = {13},
  pages = {2667--2680},
  doi = {10.1021/acs.jctc.7b00224}
}

@article{10.1021/acs.jctc.8b00342,
  title = {Phaseless {{Auxiliary-Field Quantum Monte Carlo}} on {{Graphical Processing Units}}},
  author = {Shee, James and Arthur, Evan J. and Zhang, Shiwei and Reichman, David R. and Friesner, Richard A.},
  year = {2018},
  month = aug,
  journal = {J. Chem. Theory Comput.},
  volume = {14},
  pages = {4109--4121},
  doi = {10.1021/acs.jctc.8b00342}
}

@article{10.1021/acs.jctc.9b00083,
  title = {On {{Achieving High Accuracy}} in {{Quantum Chemical Calculations}} of 3d {{Transition Metal-Containing Systems}}: {{A Comparison}} of {{Auxiliary-Field Quantum Monte Carlo}} with {{Coupled Cluster}}, {{Density Functional Theory}}, and {{Experiment}} for {{Diatomic Molecules}}},
  shorttitle = {On {{Achieving High Accuracy}} in {{Quantum Chemical Calculations}} of 3d {{Transition Metal-Containing Systems}}},
  author = {Shee, James and Rudshteyn, Benjamin and Arthur, Evan J. and Zhang, Shiwei and Reichman, David R. and Friesner, Richard A.},
  year = {2019},
  month = apr,
  journal = {J. Chem. Theory Comput.},
  volume = {15},
  pages = {2346--2358},
  doi = {10.1021/acs.jctc.9b00083}
}

@article{10.1021/acs.jctc.9b00176,
  title = {Quantum {{Package}} 2.0: {{An Open-Source Determinant-Driven Suite}} of {{Programs}}},
  shorttitle = {Quantum {{Package}} 2.0},
  author = {Garniron, Yann and Applencourt, Thomas and Gasperich, Kevin and Benali, Anouar and Fert{\'e}, Anthony and Paquier, Julien and Pradines, Barth{\'e}l{\'e}my and Assaraf, Roland and Reinhardt, Peter and Toulouse, Julien and Barbaresco, Pierrette and Renon, Nicolas and David, Gr{\'e}goire and Malrieu, Jean-Paul and V{\'e}ril, Micka{\"e}l and Caffarel, Michel and Loos, Pierre-Fran{\c c}ois and Giner, Emmanuel and Scemama, Anthony},
  year = {2019},
  month = jun,
  journal = {J. Chem. Theory Comput.},
  volume = {15},
  pages = {3591--3609},
  doi = {10.1021/acs.jctc.9b00176}
}

@article{10.1021/acs.jctc.9b00534,
  title = {Singlet\textendash{{Triplet Energy Gaps}} of {{Organic Biradicals}} and {{Polyacenes}} with {{Auxiliary-Field Quantum Monte Carlo}}},
  author = {Shee, James and Arthur, Evan J. and Zhang, Shiwei and Reichman, David R. and Friesner, Richard A.},
  year = {2019},
  month = sep,
  journal = {J. Chem. Theory Comput.},
  volume = {15},
  pages = {4924--4932},
  doi = {10.1021/acs.jctc.9b00534}
}

@article{10.1021/acs.jpca.0c01260,
  title = {Role of {{Nonvalence States}} in the {{Ultrafast Dynamics}} of {{Isolated Anions}}},
  author = {Verlet, Jan R. R. and Anst{\"o}ter, Cate S. and Bull, James N. and Rogers, Joshua P.},
  year = {2020},
  month = may,
  journal = {J. Phys. Chem. A},
  volume = {124},
  pages = {3507--3519},
  doi = {10.1021/acs.jpca.0c01260}
}

@article{10.1021/acs.jpca.0c06595,
  title = {Computational {{Investigations}} of {{Dispersion Interactions}} between {{Small Molecules}} and {{Graphene-like Flakes}}},
  author = {Hughes, Tyler J. and Shaw, Robert A. and Russo, Salvy P.},
  year = {2020},
  month = nov,
  journal = {J. Phys. Chem. A},
  volume = {124},
  pages = {9552--9561},
  doi = {10.1021/acs.jpca.0c06595}
}

@article{10.1021/acs.jpca.8b11881,
  title = {Prediction of a {{Nonvalence Temporary Anion Shape Resonance}} for a {{Model}} ({{H2O}})4 {{System}}},
  author = {Kairalapova, Arailym and Jordan, Kenneth D. and Maienshein, Daniel N. and Fair, Mark C. and Falcetta, Michael F.},
  year = {2019},
  month = apr,
  journal = {J. Phys. Chem. A},
  volume = {123},
  pages = {2719--2726},
  doi = {10.1021/acs.jpca.8b11881}
}

@article{10.1021/acs.jpcb.8b05795,
  title = {New {{Insights}} into {{Quinine}}\textendash{{DNA Binding Using Raman Spectroscopy}} and {{Molecular Dynamics Simulations}}},
  author = {Punihaole, David and Workman, Riley J. and Upadhyay, Shiv and Van Bruggen, Craig and Schmitz, Andrew J. and Reineke, Theresa M. and Frontiera, Renee R.},
  year = {2018},
  month = nov,
  journal = {J. Phys. Chem. B},
  volume = {122},
  pages = {9840--9851},
  doi = {10.1021/acs.jpcb.8b05795}
}

@article{10.1021/acs.jpcb.9b07782,
  title = {Prediction of a {{Non-Valence Temporary Anion State}} of ({{NaCl}})2},
  author = {Kairalapova, Arailym and Jordan, Kenneth D. and Falcetta, Michael F. and Steiner, Dalton K. and Sutter, Brittni L. and Gowen, Josiah S.},
  year = {2019},
  month = oct,
  journal = {J. Phys. Chem. B},
  volume = {123},
  pages = {9198--9205},
  doi = {10.1021/acs.jpcb.9b07782}
}

@article{10.1021/acs.jpclett.5b01858,
  title = {Nonvalence {{Correlation-Bound Anion States}} of {{Polycyclic Aromatic Hydrocarbons}}},
  author = {Voora, Vamsee K. and Jordan, Kenneth D.},
  year = {2015},
  month = oct,
  journal = {J. Phys. Chem. Lett.},
  volume = {6},
  pages = {3994--3997},
  doi = {10.1021/acs.jpclett.5b01858}
}

@article{10.1021/acs.jpclett.8b00739,
  title = {Evidence of {{Electron Capture}} of an {{Outgoing Photoelectron Wave}} by a {{Nonvalence State}} in ({{C6F6}})n\textendash},
  author = {Rogers, Joshua P. and Anst{\"o}ter, Cate S. and Verlet, Jan R. R.},
  year = {2018},
  month = may,
  journal = {J. Phys. Chem. Lett.},
  volume = {9},
  pages = {2504--2509},
  doi = {10.1021/acs.jpclett.8b00739}
}

@article{10.1021/acs.jpclett.8b02733,
  title = {Accurate {{Predictions}} of {{Electron Binding Energies}} of {{Dipole-Bound Anions}} via {{Quantum Monte Carlo Methods}}},
  author = {Hao, Hongxia and Shee, James and Upadhyay, Shiv and Ataca, Can and Jordan, Kenneth D. and Rubenstein, Brenda M.},
  year = {2018},
  month = nov,
  journal = {J. Phys. Chem. Lett.},
  volume = {9},
  pages = {6185--6190},
  doi = {10.1021/acs.jpclett.8b02733}
}

@article{10.1021/acs.jpclett.8b03679,
  title = {Physisorption of {{Water}} on {{Graphene}}: {{Subchemical Accuracy}} from {{Many-Body Electronic Structure Methods}}},
  shorttitle = {Physisorption of {{Water}} on {{Graphene}}},
  author = {Brandenburg, Jan Gerit and Zen, Andrea and Fitzner, Martin and Ramberger, Benjamin and Kresse, Georg and Tsatsoulis, Theodoros and Gr{\"u}neis, Andreas and Michaelides, Angelos and Alf{\`e}, Dario},
  year = {2019},
  month = feb,
  journal = {J. Phys. Chem. Lett.},
  volume = {10},
  pages = {358--368},
  doi = {10.1021/acs.jpclett.8b03679}
}

@article{10.1021/acsami.1c21821,
  title = {Real-{{Time Modulation}} of {{Hydrogen Evolution Activity}} of {{Graphene Electrodes Using Mechanical Strain}}},
  author = {Kim, Min A. and Sorescu, Dan C. and Amemiya, Shigeru and Jordan, Kenneth D. and Liu, Haitao},
  year = {2022},
  month = mar,
  journal = {ACS Appl. Mater. Interfaces},
  volume = {14},
  pages = {10691--10700},
  doi = {10.1021/acsami.1c21821}
}

@article{10.1021/ct3003404,
  title = {Multideterminant {{Wave Functions}} in {{Quantum Monte Carlo}}},
  author = {Morales, Miguel A. and McMinis, Jeremy and Clark, Bryan K. and Kim, Jeongnim and Scuseria, Gustavo E.},
  year = {2012},
  month = jul,
  journal = {J. Chem. Theory Comput.},
  volume = {8},
  pages = {2181--2188},
  doi = {10.1021/ct3003404}
}

@article{10.1021/j100096a001,
  title = {Ab {{Initio Calculation}} of {{Vibrational Absorption}} and {{Circular Dichroism Spectra Using Density Functional Force Fields}}},
  author = {Stephens, P. J. and Devlin, F. J. and Chabalowski, C. F. and Frisch, M. J.},
  year = {1994},
  month = nov,
  journal = {J. Phys. Chem.},
  volume = {98},
  pages = {11623--11627},
  doi = {10.1021/j100096a001}
}

@article{10.1021/jacs.0c02360,
  title = {Multiple {{Stable Isoprene}}\textendash{{Ozone Complexes Reveal Complex Entrance Channel Dynamics}} in the {{Isoprene}} + {{Ozone Reaction}}},
  author = {Kumar, Manoj and Shee, James and Rudshteyn, Benjamin and Reichman, David R. and Friesner, Richard A. and Miller, Charles E. and Francisco, Joseph S.},
  year = {2020},
  month = jun,
  journal = {J. Am. Chem. Soc.},
  volume = {142},
  pages = {10806--10813},
  doi = {10.1021/jacs.0c02360}
}

@article{10.1021/jp050687f,
  title = {Positron {{Binding Energies}} for {{Alkali Hydrides}}},
  author = {Buenker, Robert J. and Liebermann, Heinz-Peter and Melnikov, Vladlen and Tachikawa, Masanori and Pichl, Lukas and Kimura, Mineo},
  year = {2005},
  month = jul,
  journal = {J. Phys. Chem. A},
  volume = {109},
  pages = {5956--5964},
  doi = {10.1021/jp050687f}
}

@article{10.1021/jp404541c,
  title = {Benchmark {{Study}} of the {{Interaction Energy}} for an ({{H2O}})16 {{Cluster}}: {{Quantum Monte Carlo}} and {{Complete Basis Set Limit MP2 Results}}},
  shorttitle = {Benchmark {{Study}} of the {{Interaction Energy}} for an ({{H2O}})16 {{Cluster}}},
  author = {Wang, Fang-Fang and Deible, Michael J. and Jordan, Kenneth D.},
  year = {2013},
  month = aug,
  journal = {J. Phys. Chem. A},
  volume = {117},
  pages = {7606--7611},
  doi = {10.1021/jp404541c}
}

@article{10.1021/jp406658y,
  title = {Geometrical {{Correction}} for the {{Inter-}} and {{Intramolecular Basis Set Superposition Error}} in {{Periodic Density Functional Theory Calculations}}},
  author = {Brandenburg, Jan Gerit and Alessio, Maristella and Civalleri, Bartolomeo and Peintinger, Michael F. and Bredow, Thomas and Grimme, Stefan},
  year = {2013},
  month = sep,
  journal = {J. Phys. Chem. A},
  volume = {117},
  pages = {9282--9292},
  doi = {10.1021/jp406658y}
}

@article{10.1021/jp408386f,
  title = {Nonvalence {{Correlation-Bound Anion State}} of {{C6F6}}: {{Doorway}} to {{Low-Energy Electron Capture}}},
  shorttitle = {Nonvalence {{Correlation-Bound Anion State}} of {{C6F6}}},
  author = {Voora, Vamsee K. and Jordan, Kenneth D.},
  year = {2014},
  month = sep,
  journal = {J. Phys. Chem. A},
  volume = {118},
  pages = {7201--7205},
  doi = {10.1021/jp408386f}
}

@article{10.1021/jp711490b,
  title = {Molecular {{Anions}}},
  author = {Simons, Jack},
  year = {2008},
  month = jul,
  journal = {J. Phys. Chem. A},
  volume = {112},
  pages = {6401--6511},
  doi = {10.1021/jp711490b}
}

@article{10.1021/jp9066108,
  title = {Application of the {{Diffusion Monte Carlo Method}} to the {{Binding}} of {{Excess Electrons}} to {{Water Clusters}}},
  author = {Xu, J. and Jordan, K. D.},
  year = {2010},
  month = jan,
  journal = {J. Phys. Chem. A},
  volume = {114},
  pages = {1364--1366},
  doi = {10.1021/jp9066108}
}

@article{10.1021/jp9728417,
  title = {Valence and {{Dipole Binding}} of {{Electrons}} to {{Uracil}}},
  author = {Desfran{\c c}ois, C. and Periquet, V. and Bouteiller, Y. and Schermann, J. P.},
  year = {1998},
  month = feb,
  journal = {J. Phys. Chem. A},
  volume = {102},
  pages = {1274--1278},
  doi = {10.1021/jp9728417}
}

@article{10.1021/jz400195s,
  title = {Existence of a {{Correlation Bound}} S-{{Type Anion State}} of {{C60}}},
  author = {Voora, Vamsee K. and Cederbaum, Lorenz S. and Jordan, Kenneth D.},
  year = {2013},
  month = mar,
  journal = {J. Phys. Chem. Lett.},
  volume = {4},
  pages = {849--853},
  doi = {10.1021/jz400195s}
}

@article{10.1021/nl5016574,
  title = {Nonvalence {{Correlation-Bound Anion States}} of {{Spherical Fullerenes}}},
  author = {Voora, Vamsee K. and Jordan, Kenneth D.},
  year = {2014},
  month = aug,
  journal = {Nano Lett.},
  volume = {14},
  pages = {4602--4606},
  doi = {10.1021/nl5016574}
}

@article{10.1021/nl801417w,
  title = {Pillared {{Graphene}}: {{A New}} 3-{{D Network Nanostructure}} for {{Enhanced Hydrogen Storage}}},
  shorttitle = {Pillared {{Graphene}}},
  author = {Dimitrakakis, Georgios K. and Tylianakis, Emmanuel and Froudakis, George E.},
  year = {2008},
  month = oct,
  journal = {Nano Lett.},
  volume = {8},
  pages = {3166--3170},
  doi = {10.1021/nl801417w}
}

@article{10.1038/nature04233,
  title = {Two-Dimensional Gas of Massless {{Dirac}} Fermions in Graphene},
  author = {Novoselov, K. S. and Geim, A. K. and Morozov, S. V. and Jiang, D. and Katsnelson, M. I. and Grigorieva, I. V. and Dubonos, S. V. and Firsov, A. A.},
  year = {2005},
  month = nov,
  journal = {Nature},
  volume = {438},
  pages = {197--200},
  doi = {10.1038/nature04233}
}

@article{10.1038/nature11770,
  title = {Towards an Exact Description of Electronic Wavefunctions in Real Solids},
  author = {Booth, George H. and Gr{\"u}neis, Andreas and Kresse, Georg and Alavi, Ali},
  year = {2013},
  month = jan,
  journal = {Nature},
  volume = {493},
  pages = {365--370},
  doi = {10.1038/nature11770}
}

@article{10.1038/nchem.2912,
  title = {Ultrafast Dynamics of Low-Energy Electron Attachment via a Non-Valence Correlation-Bound State},
  author = {Rogers, Joshua P. and Anst{\"o}ter, Cate S. and Verlet, Jan R. R.},
  year = {2018},
  month = mar,
  journal = {Nat. Chem.},
  volume = {10},
  pages = {341--346},
  doi = {10.1038/nchem.2912}
}

@article{10.1038/s41467-019-13819-6,
  title = {Ultrafast Valence to Non-Valence Excited State Dynamics in a Common Anionic Chromophore},
  author = {Bull, James N. and Anst{\"o}ter, Cate S. and Verlet, Jan R. R.},
  year = {2019},
  month = dec,
  journal = {Nat. Commun.},
  volume = {10},
  pages = {5820},
  doi = {10.1038/s41467-019-13819-6}
}

@article{10.1038/s41586-022-04703-3,
  title = {Many-Body Theory of Positron Binding to Polyatomic Molecules},
  author = {Hofierka, Jaroslav and Cunningham, Brian and Rawlins, Charlie M. and Patterson, Charles H. and Green, Dermot G.},
  year = {2022},
  month = jun,
  journal = {Nature},
  volume = {606},
  pages = {688--693},
  doi = {10.1038/s41586-022-04703-3}
}

@article{10.1039/C8FD00199E,
  title = {Model Potential Study of Non-Valence Correlation-Bound Anions of ({{C60}})n Clusters: The Role of Electric Field-Induced Charge Transfer},
  shorttitle = {Model Potential Study of Non-Valence Correlation-Bound Anions of ({{C60}})n Clusters},
  author = {Choi, Tae Hoon and Jordan, Kenneth D.},
  year = {2019},
  month = jul,
  journal = {Faraday Discuss.},
  volume = {217},
  pages = {547--560},
  doi = {10.1039/C8FD00199E}
}

@article{10.1039/D1CP02473F,
  title = {Adsorption of a Single {{Pt}} Atom on Graphene: Spin Crossing between Physisorbed Triplet and Chemisorbed Singlet States},
  shorttitle = {Adsorption of a Single {{Pt}} Atom on Graphene},
  author = {Ahn, Jeonghwan and Hong, Iuegyun and Lee, Gwangyoung and Shin, Hyeondeok and Benali, Anouar and Kwon, Yongkyung},
  year = {2021},
  month = oct,
  journal = {Phys. Chem. Chem. Phys.},
  volume = {23},
  pages = {22147--22154},
  doi = {10.1039/D1CP02473F}
}

@article{10.1046/j.1365-8711.2000.03388.x,
  title = {The Diffuse Interstellar Bands: A Dipole-Bound State Hypothesis},
  shorttitle = {The Diffuse Interstellar Bands},
  author = {Sarre, P. J.},
  year = {2000},
  month = mar,
  journal = {Monthly Notices of the Royal Astronomical Society},
  volume = {313},
  pages = {L14-L16},
  doi = {10.1046/j.1365-8711.2000.03388.x}
}

@article{10.1063/1.1149694,
  title = {Photodetachment Photoelectron Spectroscopy of Multiply Charged Anions Using Electrospray Ionization},
  author = {Wang, Lai-Sheng and Ding, Chuan-Fan and Wang, Xue-Bin and Barlow, S. E.},
  year = {1999},
  month = apr,
  journal = {Rev. Sci. Instrum.},
  volume = {70},
  pages = {1957--1966},
  doi = {10.1063/1.1149694}
}

@article{10.1063/1.1378323,
  title = {The Active-Space Equation-of-Motion Coupled-Cluster Methods for Excited Electronic States: {{Full EOMCCSDt}}},
  shorttitle = {The Active-Space Equation-of-Motion Coupled-Cluster Methods for Excited Electronic States},
  author = {Kowalski, Karol and Piecuch, Piotr},
  year = {2001},
  month = jul,
  journal = {J. Chem. Phys.},
  volume = {115},
  pages = {643--651},
  doi = {10.1063/1.1378323}
}

@article{10.1063/1.1416173,
  title = {Coupled-Cluster Theory for Excited Electronic States: {{The}} Full Equation-of-Motion Coupled-Cluster Single, Double, and Triple Excitation Method},
  shorttitle = {Coupled-Cluster Theory for Excited Electronic States},
  author = {Kucharski, Stanis{\l}aw A. and W{\l}och, Marta and Musia{\l}, Monika and Bartlett, Rodney J.},
  year = {2001},
  month = nov,
  journal = {J. Chem. Phys.},
  volume = {115},
  pages = {8263--8266},
  doi = {10.1063/1.1416173}
}

@article{10.1063/1.1590959,
  title = {Dipole-Bound Anions of Carbonyl, Nitrile, and Sulfoxide Containing Molecules},
  author = {Hammer, Nathan I. and Diri, Kadir and Jordan, Kenneth D. and Desfran{\c c}ois, Charles and Compton, Robert N.},
  year = {2003},
  month = aug,
  journal = {J. Chem. Phys.},
  volume = {119},
  pages = {3650--3660},
  doi = {10.1063/1.1590959}
}

@article{10.1063/1.1629669,
  title = {Dipole-Bound Anions of Highly Polar Molecules: {{Ethylene}} Carbonate and Vinylene Carbonate},
  shorttitle = {Dipole-Bound Anions of Highly Polar Molecules},
  author = {Hammer, Nathan I. and Hinde, Robert J. and Compton, Robert N. and Diri, Kadir and Jordan, Kenneth D. and Radisic, Dunja and Stokes, Sarah T. and Bowen, Kit H.},
  year = {2004},
  month = jan,
  journal = {J. Chem. Phys.},
  volume = {120},
  pages = {685--690},
  doi = {10.1063/1.1629669}
}

@article{10.1063/1.1679199,
  title = {Iterative Perturbation Calculations of Ground and Excited State Energies from Multiconfigurational Zeroth-order Wavefunctions},
  author = {Huron, B. and Malrieu, J. P. and Rancurel, P.},
  year = {1973},
  month = jun,
  journal = {J. Chem. Phys.},
  volume = {58},
  pages = {5745--5759},
  doi = {10.1063/1.1679199}
}

@article{10.1063/1.1839853,
  title = {Multireference Configuration Interaction Calculations for Positronium Halides},
  author = {Saito, Shiro L.},
  year = {2005},
  month = feb,
  journal = {J. Chem. Phys.},
  volume = {122},
  pages = {054302},
  doi = {10.1063/1.1839853}
}

@article{10.1063/1.1950567,
  title = {Coupled-Cluster Methods Including Noniterative Corrections for Quadruple Excitations},
  author = {Bomble, Yannick J. and Stanton, John F. and K{\'a}llay, Mih{\'a}ly and Gauss, J{\"u}rgen},
  year = {2005},
  month = aug,
  journal = {J. Chem. Phys.},
  volume = {123},
  pages = {054101},
  doi = {10.1063/1.1950567}
}

@article{10.1063/1.2357917,
  title = {Auxiliary-Field Quantum {{Monte Carlo}} Study of First- and Second-Row Post-d Elements},
  author = {{Al-Saidi}, W. A. and Krakauer, Henry and Zhang, Shiwei},
  year = {2006},
  month = oct,
  journal = {J. Chem. Phys.},
  volume = {125},
  pages = {154110},
  doi = {10.1063/1.2357917}
}

@article{10.1063/1.2404663,
  title = {Influence of the Exchange Screening Parameter on the Performance of Screened Hybrid Functionals},
  author = {Krukau, Aliaksandr V. and Vydrov, Oleg A. and Izmaylov, Artur F. and Scuseria, Gustavo E.},
  year = {2006},
  month = dec,
  journal = {J. Chem. Phys.},
  volume = {125},
  pages = {224106},
  doi = {10.1063/1.2404663}
}

@article{10.1063/1.2718952,
  title = {Orbital-Optimized Opposite-Spin Scaled Second-Order Correlation: {{An}} Economical Method to Improve the Description of Open-Shell Molecules},
  shorttitle = {Orbital-Optimized Opposite-Spin Scaled Second-Order Correlation},
  author = {Lochan, Rohini C. and {Head-Gordon}, Martin},
  year = {2007},
  month = apr,
  journal = {J. Chem. Phys.},
  volume = {126},
  pages = {164101},
  doi = {10.1063/1.2718952}
}

@article{10.1063/1.2735296,
  title = {A Study of {{H}}+{{H2}} and Several {{H-bonded}} Molecules by Phaseless Auxiliary-Field Quantum {{Monte Carlo}} with Plane Wave and {{Gaussian}} Basis Sets},
  author = {{Al-Saidi}, W. A. and Krakauer, Henry and Zhang, Shiwei},
  year = {2007},
  month = may,
  journal = {J. Chem. Phys.},
  volume = {126},
  pages = {194105},
  doi = {10.1063/1.2735296}
}

@article{10.1063/1.2963976,
  title = {High-Capacity Hydrogen Storage by Metallized Graphene},
  author = {Ataca, C. and Akt{\"u}rk, E. and Ciraci, S. and Ustunel, H.},
  year = {2008},
  month = jul,
  journal = {Appl. Phys. Lett.},
  volume = {93},
  pages = {043123},
  doi = {10.1063/1.2963976}
}

@article{10.1063/1.3072333,
  title = {Understanding Adsorption of Hydrogen Atoms on Graphene},
  author = {Casolo, Simone and L{\o}vvik, Ole Martin and Martinazzo, Rocco and Tantardini, Gian Franco},
  year = {2009},
  month = feb,
  journal = {J. Chem. Phys.},
  volume = {130},
  pages = {054704},
  doi = {10.1063/1.3072333}
}

@article{10.1063/1.3187941,
  title = {Extended Atomic Hydrogen Dimer Configurations on the Graphite(0001) Surface},
  author = {{\v S}ljivan{\v c}anin, {\v Z}. and Rauls, E. and Hornek{\ae}r, L. and Xu, W. and Besenbacher, F. and Hammer, B.},
  year = {2009},
  month = aug,
  journal = {J. Chem. Phys.},
  volume = {131},
  pages = {084706},
  doi = {10.1063/1.3187941}
}

@article{10.1063/1.3380831,
  title = {Size-Consistent Variational Approaches to Nonlocal Pseudopotentials: {{Standard}} and Lattice Regularized Diffusion {{Monte Carlo}} Methods Revisited},
  shorttitle = {Size-Consistent Variational Approaches to Nonlocal Pseudopotentials},
  author = {Casula, Michele and Moroni, Saverio and Sorella, Sandro and Filippi, Claudia},
  year = {2010},
  month = apr,
  journal = {J. Chem. Phys.},
  volume = {132},
  pages = {154113},
  doi = {10.1063/1.3380831}
}

@article{10.1063/1.3382344,
  title = {A Consistent and Accurate Ab Initio Parametrization of Density Functional Dispersion Correction ({{DFT-D}}) for the 94 Elements {{H-Pu}}},
  author = {Grimme, Stefan and Antony, Jens and Ehrlich, Stephan and Krieg, Helge},
  year = {2010},
  month = apr,
  journal = {J. Chem. Phys.},
  volume = {132},
  pages = {154104},
  doi = {10.1063/1.3382344}
}

@article{10.1063/1.3488228,
  title = {Correlation-Bound Anions of {{NaCl}} Clusters},
  author = {Sommerfeld, Thomas and Bhattarai, Bijay and Vysotskiy, Victor P. and Cederbaum, Lorenz S.},
  year = {2010},
  month = sep,
  journal = {J. Chem. Phys.},
  volume = {133},
  pages = {114301},
  doi = {10.1063/1.3488228}
}

@article{10.1063/1.3569134,
  title = {Binding of Hydrogen on Benzene, Coronene, and Graphene from Quantum {{Monte Carlo}} Calculations},
  author = {Ma, Jie and Michaelides, Angelos and Alf{\`e}, Dario},
  year = {2011},
  month = apr,
  journal = {J. Chem. Phys.},
  volume = {134},
  pages = {134701},
  doi = {10.1063/1.3569134}
}

@article{10.1063/1.3576053,
  title = {Theoretical Prediction of New Dipole-Bound Singlet States for Anions of Interstellar Interest},
  author = {Fortenberry, Ryan C. and Crawford, T. Daniel},
  year = {2011},
  month = apr,
  journal = {J. Chem. Phys.},
  volume = {134},
  pages = {154304},
  doi = {10.1063/1.3576053}
}

@article{10.1063/1.3654002,
  title = {Assessing Weak Hydrogen Binding on {{Ca}}+ Centers: {{An}} Accurate Many-Body Study with Large Basis Sets},
  shorttitle = {Assessing Weak Hydrogen Binding on {{Ca}}+ Centers},
  author = {Purwanto, Wirawan and Krakauer, Henry and Virgus, Yudistira and Zhang, Shiwei},
  year = {2011},
  month = oct,
  journal = {J. Chem. Phys.},
  volume = {135},
  pages = {164105},
  doi = {10.1063/1.3654002}
}

@article{10.1063/1.3697846,
  title = {Approaching Chemical Accuracy with Quantum {{Monte Carlo}}},
  author = {Petruzielo, F. R. and Toulouse, Julien and Umrigar, C. J.},
  year = {2012},
  month = mar,
  journal = {J. Chem. Phys.},
  volume = {136},
  pages = {124116},
  doi = {10.1063/1.3697846}
}

@article{10.1063/1.3700154,
  title = {A Geometrical Correction for the Inter- and Intra-Molecular Basis Set Superposition Error in {{Hartree-Fock}} and Density Functional Theory Calculations for Large Systems},
  author = {Kruse, Holger and Grimme, Stefan},
  year = {2012},
  month = apr,
  journal = {J. Chem. Phys.},
  volume = {136},
  pages = {154101},
  doi = {10.1063/1.3700154}
}

@article{10.1063/1.431514,
  title = {A Random-walk Simulation of the {{Schr\"odinger}} Equation: {{H}}+3},
  shorttitle = {A Random-walk Simulation of the {{Schr\"odinger}} Equation},
  author = {Anderson, James B.},
  year = {1975},
  month = aug,
  journal = {J. Chem. Phys.},
  volume = {63},
  pages = {1499--1503},
  doi = {10.1063/1.431514}
}

@article{10.1063/1.432599,
  title = {Theoretical Study of the Binding of an Electron to a Molecular Dipole: {{LiCl}}-},
  shorttitle = {Theoretical Study of the Binding of an Electron to a Molecular Dipole},
  author = {Jordan, K. D. and Luken, W.},
  year = {1976},
  month = apr,
  journal = {J. Chem. Phys.},
  volume = {64},
  pages = {2760--2766},
  doi = {10.1063/1.432599}
}

@article{10.1063/1.432868,
  title = {Quantum Chemistry by Random Walk. {{H 2P}}, {{H}}+3 {{D3h 1A}}{${'}$}1, {{H2 3$\Sigma$}}+u, {{H4 1$\Sigma$}}+g, {{Be 1S}}},
  author = {Anderson, James B.},
  year = {1976},
  month = nov,
  journal = {J. Chem. Phys.},
  volume = {65},
  pages = {4121--4127},
  doi = {10.1063/1.432868}
}

@article{10.1063/1.440575,
  title = {Quantum Chemistry by Random Walk: {{Higher}} Accuracy},
  shorttitle = {Quantum Chemistry by Random Walk},
  author = {Anderson, James B.},
  year = {1980},
  month = oct,
  journal = {J. Chem. Phys.},
  volume = {73},
  pages = {3897--3899},
  doi = {10.1063/1.440575}
}

@article{10.1063/1.452353,
  title = {The Full {{CCSDT}} Model for Molecular Electronic Structure},
  author = {Noga, Jozef and Bartlett, Rodney J.},
  year = {1987},
  month = jun,
  journal = {J. Chem. Phys.},
  volume = {86},
  pages = {7041--7050},
  doi = {10.1063/1.452353}
}

@article{10.1063/1.453801,
  title = {Electron Localization in Water Clusters. {{II}}. {{Surface}} and Internal States},
  author = {Barnett, R. N. and Landman, Uzi and Cleveland, C. L. and Jortner, Joshua},
  year = {1988},
  month = apr,
  journal = {J. Chem. Phys.},
  volume = {88},
  pages = {4429--4447},
  doi = {10.1063/1.453801}
}

@article{10.1063/1.456153,
  title = {Gaussian Basis Sets for Use in Correlated Molecular Calculations. {{I}}. {{The}} Atoms Boron through Neon and Hydrogen},
  author = {Dunning, Thom H.},
  year = {1989},
  month = jan,
  journal = {J. Chem. Phys.},
  volume = {90},
  pages = {1007--1023},
  doi = {10.1063/1.456153}
}

@article{10.1063/1.459002,
  title = {The Coupled-cluster Single, Double, and Triple Excitation Model for Open-shell Single Reference Functions},
  author = {Watts, John D. and Bartlett, Rodney J.},
  year = {1990},
  month = oct,
  journal = {J. Chem. Phys.},
  volume = {93},
  pages = {6104--6105},
  doi = {10.1063/1.459002}
}

@article{10.1063/1.462569,
  title = {Electron Affinities of the First-row Atoms Revisited. {{Systematic}} Basis Sets and Wave Functions},
  author = {Kendall, Rick A. and Dunning, Thom H. and Harrison, Robert J.},
  year = {1992},
  month = may,
  journal = {J. Chem. Phys.},
  volume = {96},
  pages = {6796--6806},
  doi = {10.1063/1.462569}
}

@article{10.1063/1.465007,
  title = {Structure of Propadienylidene, {{H2CCC}}},
  author = {Gottlieb, C. A. and Killian, T. C. and Thaddeus, P. and Botschwina, P. and Fl{\"u}gge, J. and Oswald, M.},
  year = {1993},
  month = mar,
  journal = {J. Chem. Phys.},
  volume = {98},
  pages = {4478--4485},
  doi = {10.1063/1.465007}
}

@article{10.1063/1.468592,
  title = {Equation of Motion Coupled Cluster Method for Electron Attachment},
  author = {Nooijen, Marcel and Bartlett, Rodney J.},
  year = {1995},
  month = mar,
  journal = {J. Chem. Phys.},
  volume = {102},
  pages = {3629--3647},
  doi = {10.1063/1.468592}
}

@article{10.1063/1.469817,
  title = {Perturbative Treatment of the Similarity Transformed {{Hamiltonian}} in Equation-of-motion Coupled-cluster Approximations},
  author = {Stanton, John F. and Gauss, J{\"u}rgen},
  year = {1995},
  month = jul,
  journal = {J. Chem. Phys.},
  volume = {103},
  pages = {1064--1076},
  doi = {10.1063/1.469817}
}

@article{10.1063/1.471482,
  title = {Dipole Bound, Nucleic Acid Base Anions Studied via Negative Ion Photoelectron Spectroscopy},
  author = {Hendricks, J. H. and Lyapustina, S. A. and {de Clercq}, H. L. and Snodgrass, J. T. and Bowen, K. H.},
  year = {1996},
  month = may,
  journal = {J. Chem. Phys.},
  volume = {104},
  pages = {7788--7791},
  doi = {10.1063/1.471482}
}

@article{10.1063/1.471484,
  title = {Electron Attachment to Isolated Nucleic Acid Bases},
  author = {Desfran{\c c}ois, C. and Abdoul-Carime, H. and Schermann, J. P.},
  year = {1996},
  month = may,
  journal = {J. Chem. Phys.},
  volume = {104},
  pages = {7792--7794},
  doi = {10.1063/1.471484}
}

@article{10.1063/1.472879,
  title = {Autodetachment Spectroscopy and Dynamics of Vibrationally Excited Dipole-bound States of {{H2CCC}}-},
  author = {Yokoyama, K. and Leach, Gary W. and Kim, Joseph B. and Lineberger, W. C. and Boldyrev, A. I. and Gutowski, M.},
  year = {1996},
  month = dec,
  journal = {J. Chem. Phys.},
  volume = {105},
  pages = {10706--10718},
  doi = {10.1063/1.472879}
}

@article{10.1063/1.472993,
  title = {On the Binding of Electrons to Nitromethane: {{Dipole}} and Valence Bound Anions},
  shorttitle = {On the Binding of Electrons to Nitromethane},
  author = {Compton, R. N. and Carman, H. S. and Desfran{\c c}ois, C. and Abdoul-Carime, H. and Schermann, J. P. and Hendricks, J. H. and Lyapustina, S. A. and Bowen, K. H.},
  year = {1996},
  month = sep,
  journal = {J. Chem. Phys.},
  volume = {105},
  pages = {3472--3478},
  doi = {10.1063/1.472993}
}

@article{10.1063/1.475360,
  title = {The Dipole Bound-to-Covalent Anion Transformation in Uracil},
  author = {Hendricks, J. H. and Lyapustina, S. A. and {de Clercq}, H. L. and Bowen, K. H.},
  year = {1998},
  month = jan,
  journal = {J. Chem. Phys.},
  volume = {108},
  pages = {8--11},
  doi = {10.1063/1.475360}
}

@article{10.1063/1.478522,
  title = {Toward Reliable Density Functional Methods without Adjustable Parameters: {{The PBE0}} Model},
  shorttitle = {Toward Reliable Density Functional Methods without Adjustable Parameters},
  author = {Adamo, Carlo and Barone, Vincenzo},
  year = {1999},
  month = apr,
  journal = {J. Chem. Phys.},
  volume = {110},
  pages = {6158--6170},
  doi = {10.1063/1.478522}
}

@article{10.1063/1.4896611,
  title = {The Mechanism of Chemisorption of Hydrogen Atom on Graphene: {{Insights}} from the Reaction Force and Reaction Electronic Flux},
  shorttitle = {The Mechanism of Chemisorption of Hydrogen Atom on Graphene},
  author = {{Cort{\'e}s-Arriagada}, Diego and {Guti{\'e}rrez-Oliva}, Soledad and Herrera, B{\'a}rbara and Soto, Karla and {Toro-Labb{\'e}}, Alejandro},
  year = {2014},
  month = oct,
  journal = {J. Chem. Phys.},
  volume = {141},
  pages = {134701},
  doi = {10.1063/1.4896611}
}

@article{10.1063/1.4906829,
  title = {An Auxiliary-Field Quantum {{Monte Carlo}} Study of the Chromium Dimer},
  author = {Purwanto, Wirawan and Zhang, Shiwei and Krakauer, Henry},
  year = {2015},
  month = feb,
  journal = {J. Chem. Phys.},
  volume = {142},
  pages = {064302},
  doi = {10.1063/1.4906829}
}

@article{10.1063/1.4954937,
  title = {Computational and Photoelectron Spectroscopic Study of the Dipole-Bound Anions, Indole({{H2O}})1,2-},
  author = {Buytendyk, A. M. and Buonaugurio, A. M. and Xu, S.-J. and Nilles, J. M. and Bowen, K. H. and Kirnosov, N. and Adamowicz, L.},
  year = {2016},
  month = jul,
  journal = {J. Chem. Phys.},
  volume = {145},
  pages = {024301},
  doi = {10.1063/1.4954937}
}

@article{10.1063/1.4962910,
  title = {A New Approach to Approximate Equation-of-Motion Coupled Cluster with Triple Excitations},
  author = {Matthews, Devin A. and Stanton, John F.},
  year = {2016},
  month = sep,
  journal = {J. Chem. Phys.},
  volume = {145},
  pages = {124102},
  doi = {10.1063/1.4962910}
}

@article{10.1063/1.4976937,
  title = {Quartic Scaling {{MP2}} for Solids: {{A}} Highly Parallelized Algorithm in the Plane           Wave Basis},
  shorttitle = {Quartic Scaling {{MP2}} for Solids},
  author = {Sch{\"a}fer, Tobias and Ramberger, Benjamin and Kresse, Georg},
  year = {2017},
  month = mar,
  journal = {J. Chem. Phys.},
  volume = {146},
  pages = {104101},
  doi = {10.1063/1.4976937}
}

@article{10.1063/1.4977994,
  title = {Low Rank Factorization of the {{Coulomb}} Integrals for Periodic Coupled Cluster Theory},
  author = {Hummel, Felix and Tsatsoulis, Theodoros and Gr{\"u}neis, Andreas},
  year = {2017},
  month = mar,
  journal = {J. Chem. Phys.},
  volume = {146},
  pages = {124105},
  doi = {10.1063/1.4977994}
}

@article{10.1063/1.4991497,
  title = {Theoretical Approaches for Treating Non-Valence Correlation-Bound Anions},
  author = {Voora, Vamsee K. and Kairalapova, Arailym and Sommerfeld, Thomas and Jordan, Kenneth D.},
  year = {2017},
  month = dec,
  journal = {J. Chem. Phys.},
  volume = {147},
  pages = {214114},
  doi = {10.1063/1.4991497}
}

@article{10.1063/1.4995643,
  title = {A New Generation of Effective Core Potentials for Correlated Calculations},
  author = {Bennett, M. Chandler and Melton, Cody A. and Annaberdiyev, Abdulgani and Wang, Guangming and Shulenburger, Luke and Mitas, Lubos},
  year = {2017},
  month = dec,
  journal = {J. Chem. Phys.},
  volume = {147},
  pages = {224106},
  doi = {10.1063/1.4995643}
}

@article{10.1063/1.5040472,
  title = {A New Generation of Effective Core Potentials from Correlated Calculations: 3d Transition Metal Series},
  shorttitle = {A New Generation of Effective Core Potentials from Correlated Calculations},
  author = {Annaberdiyev, Abdulgani and Wang, Guangming and Melton, Cody A. and Bennett, M. Chandler and Shulenburger, Luke and Mitas, Lubos},
  year = {2018},
  month = oct,
  journal = {J. Chem. Phys.},
  volume = {149},
  pages = {134108},
  doi = {10.1063/1.5040472}
}

@article{10.1063/1.5089637,
  title = {A Domain-Based Local Pair Natural Orbital Implementation of the Equation of Motion Coupled Cluster Method for Electron Attached States},
  author = {Dutta, Achintya Kumar and Saitow, Masaaki and Demoulin, Baptiste and Neese, Frank and Izs{\'a}k, R{\'o}bert},
  year = {2019},
  month = apr,
  journal = {J. Chem. Phys.},
  volume = {150},
  pages = {164123},
  doi = {10.1063/1.5089637}
}

@article{10.1063/1.5091445,
  title = {An Optimized Twist Angle to Find the Twist-Averaged Correlation Energy Applied to the Uniform Electron Gas},
  author = {Mihm, Tina N. and McIsaac, Alexandra R. and Shepherd, James J.},
  year = {2019},
  month = may,
  journal = {J. Chem. Phys.},
  volume = {150},
  pages = {191101},
  doi = {10.1063/1.5091445}
}

@article{10.1063/1.5119729,
  title = {A New Scheme for Fixed Node Diffusion Quantum {{Monte Carlo}} with Pseudopotentials: {{Improving}} Reproducibility and Reducing the Trial-Wave-Function Bias},
  shorttitle = {A New Scheme for Fixed Node Diffusion Quantum {{Monte Carlo}} with Pseudopotentials},
  author = {Zen, Andrea and Brandenburg, Jan Gerit and Michaelides, Angelos and Alf{\`e}, Dario},
  year = {2019},
  month = oct,
  journal = {J. Chem. Phys.},
  volume = {151},
  pages = {134105},
  doi = {10.1063/1.5119729}
}

@article{10.1063/1.5128795,
  title = {Excited States via Coupled Cluster Theory without Equation-of-Motion Methods: {{Seeking}} Higher Roots with Application to Doubly Excited States and Double Core Hole States},
  shorttitle = {Excited States via Coupled Cluster Theory without Equation-of-Motion Methods},
  author = {Lee, Joonho and Small, David W. and {Head-Gordon}, Martin},
  year = {2019},
  month = dec,
  journal = {J. Chem. Phys.},
  volume = {151},
  pages = {214103},
  doi = {10.1063/1.5128795}
}

@article{10.1063/5.0004837,
  title = {Coupled-Cluster Techniques for Computational Chemistry: {{The CFOUR}} Program Package},
  shorttitle = {Coupled-Cluster Techniques for Computational Chemistry},
  author = {Matthews, Devin A. and Cheng, Lan and Harding, Michael E. and Lipparini, Filippo and Stopkowicz, Stella and Jagau, Thomas-C. and Szalay, P{\'e}ter G. and Gauss, J{\"u}rgen and Stanton, John F.},
  year = {2020},
  month = jun,
  journal = {J. Chem. Phys.},
  volume = {152},
  pages = {214108},
  doi = {10.1063/5.0004837}
}

@article{10.1063/5.0004860,
  title = {{{QMCPACK}}: {{Advances}} in the Development, Efficiency, and Application of Auxiliary Field and Real-Space Variational and Diffusion Quantum {{Monte Carlo}}},
  shorttitle = {{{QMCPACK}}},
  author = {Kent, P. R. C. and Annaberdiyev, Abdulgani and Benali, Anouar and Bennett, M. Chandler and Landinez Borda, Edgar Josu{\'e} and Doak, Peter and Hao, Hongxia and Jordan, Kenneth D. and Krogel, Jaron T. and Kyl{\"a}np{\"a}{\"a}, Ilkka and Lee, Joonho and Luo, Ye and Malone, Fionn D. and Melton, Cody A. and Mitas, Lubos and Morales, Miguel A. and Neuscamman, Eric and Reboredo, Fernando A. and Rubenstein, Brenda and Saritas, Kayahan and Upadhyay, Shiv and Wang, Guangming and Zhang, Shuai and Zhao, Luning},
  year = {2020},
  month = may,
  journal = {J. Chem. Phys.},
  volume = {152},
  pages = {174105},
  doi = {10.1063/5.0004860}
}

@article{10.1063/5.0004892,
  title = {The {{CRYSTAL}} Code, 1976\textendash 2020 and beyond, a Long Story},
  author = {Dovesi, Roberto and Pascale, Fabien and Civalleri, Bartolomeo and Doll, Klaus and Harrison, Nicholas M. and Bush, Ian and D'Arco, Philippe and No{\"e}l, Yves and R{\'e}rat, Michel and Carbonni{\`e}re, Philippe and Caus{\`a}, Mauro and Salustro, Simone and Lacivita, Valentina and Kirtman, Bernard and Ferrari, Anna Maria and Gentile, Francesco Silvio and Baima, Jacopo and Ferrero, Mauro and Demichelis, Raffaella and De La Pierre, Marco},
  year = {2020},
  month = may,
  journal = {J. Chem. Phys.},
  volume = {152},
  pages = {204111},
  doi = {10.1063/5.0004892}
}

@article{10.1063/5.0004997,
  title = {{{NWChem}}: {{Past}}, Present, and Future},
  shorttitle = {{{NWChem}}},
  author = {Apr{\`a}, E. and Bylaska, E. J. and {de Jong}, W. A. and Govind, N. and Kowalski, K. and Straatsma, T. P. and Valiev, M. and {van Dam}, H. J. J. and Alexeev, Y. and Anchell, J. and Anisimov, V. and Aquino, F. W. and {Atta-Fynn}, R. and Autschbach, J. and Bauman, N. P. and Becca, J. C. and Bernholdt, D. E. and {Bhaskaran-Nair}, K. and Bogatko, S. and Borowski, P. and Boschen, J. and Brabec, J. and Bruner, A. and Cau{\"e}t, E. and Chen, Y. and Chuev, G. N. and Cramer, C. J. and Daily, J. and Deegan, M. J. O. and Dunning, T. H. and Dupuis, M. and Dyall, K. G. and Fann, G. I. and Fischer, S. A. and Fonari, A. and Fr{\"u}chtl, H. and Gagliardi, L. and Garza, J. and Gawande, N. and Ghosh, S. and Glaesemann, K. and G{\"o}tz, A. W. and Hammond, J. and Helms, V. and Hermes, E. D. and Hirao, K. and Hirata, S. and Jacquelin, M. and Jensen, L. and Johnson, B. G. and J{\'o}nsson, H. and Kendall, R. A. and Klemm, M. and Kobayashi, R. and Konkov, V. and Krishnamoorthy, S. and Krishnan, M. and Lin, Z. and Lins, R. D. and Littlefield, R. J. and Logsdail, A. J. and Lopata, K. and Ma, W. and Marenich, A. V. and {Martin del Campo}, J. and {Mejia-Rodriguez}, D. and Moore, J. E. and Mullin, J. M. and Nakajima, T. and Nascimento, D. R. and Nichols, J. A. and Nichols, P. J. and Nieplocha, J. and {Otero-de-la-Roza}, A. and Palmer, B. and Panyala, A. and Pirojsirikul, T. and Peng, B. and Peverati, R. and Pittner, J. and Pollack, L. and Richard, R. M. and Sadayappan, P. and Schatz, G. C. and Shelton, W. A. and Silverstein, D. W. and Smith, D. M. A. and Soares, T. A. and Song, D. and Swart, M. and Taylor, H. L. and Thomas, G. S. and Tipparaju, V. and Truhlar, D. G. and Tsemekhman, K. and Van Voorhis, T. and {V{\'a}zquez-Mayagoitia}, {\'A}. and Verma, P. and Villa, O. and Vishnu, A. and Vogiatzis, K. D. and Wang, D. and Weare, J. H. and Williamson, M. J. and Windus, T. L. and Woli{\'n}ski, K. and Wong, A. T. and Wu, Q. and Yang, C. and Yu, Q. and Zacharias, M. and Zhang, Z. and Zhao, Y. and Harrison, R. J.},
  year = {2020},
  month = may,
  journal = {J. Chem. Phys.},
  volume = {152},
  pages = {184102},
  doi = {10.1063/5.0004997}
}

@article{10.1063/5.0005082,
  title = {Quantum {{ESPRESSO}} toward the Exascale},
  author = {Giannozzi, Paolo and Baseggio, Oscar and Bonf{\`a}, Pietro and Brunato, Davide and Car, Roberto and Carnimeo, Ivan and Cavazzoni, Carlo and {de Gironcoli}, Stefano and Delugas, Pietro and Ferrari Ruffino, Fabrizio and Ferretti, Andrea and Marzari, Nicola and Timrov, Iurii and Urru, Andrea and Baroni, Stefano},
  year = {2020},
  month = apr,
  journal = {J. Chem. Phys.},
  volume = {152},
  pages = {154105},
  doi = {10.1063/5.0005082}
}

@article{10.1063/5.0005188,
  title = {Recent Developments in the General Atomic and Molecular Electronic Structure System},
  author = {Barca, Giuseppe M. J. and Bertoni, Colleen and Carrington, Laura and Datta, Dipayan and De Silva, Nuwan and Deustua, J. Emiliano and Fedorov, Dmitri G. and Gour, Jeffrey R. and Gunina, Anastasia O. and Guidez, Emilie and Harville, Taylor and Irle, Stephan and Ivanic, Joe and Kowalski, Karol and Leang, Sarom S. and Li, Hui and Li, Wei and Lutz, Jesse J. and Magoulas, Ilias and Mato, Joani and Mironov, Vladimir and Nakata, Hiroya and Pham, Buu Q. and Piecuch, Piotr and Poole, David and Pruitt, Spencer R. and Rendell, Alistair P. and Roskop, Luke B. and Ruedenberg, Klaus and Sattasathuchana, Tosaporn and Schmidt, Michael W. and Shen, Jun and Slipchenko, Lyudmila and Sosonkina, Masha and Sundriyal, Vaibhav and Tiwari, Ananta and Galvez Vallejo, Jorge L. and Westheimer, Bryce and W{\l}och, Marta and Xu, Peng and Zahariev, Federico and Gordon, Mark S.},
  year = {2020},
  month = apr,
  journal = {J. Chem. Phys.},
  volume = {152},
  pages = {154102},
  doi = {10.1063/5.0005188}
}

@article{10.1063/5.0006074,
  title = {Recent Developments in the {{PySCF}} Program Package},
  author = {Sun, Qiming and Zhang, Xing and Banerjee, Samragni and Bao, Peng and Barbry, Marc and Blunt, Nick S. and Bogdanov, Nikolay A. and Booth, George H. and Chen, Jia and Cui, Zhi-Hao and Eriksen, Janus J. and Gao, Yang and Guo, Sheng and Hermann, Jan and Hermes, Matthew R. and Koh, Kevin and Koval, Peter and Lehtola, Susi and Li, Zhendong and Liu, Junzi and Mardirossian, Narbe and McClain, James D. and Motta, Mario and Mussard, Bastien and Pham, Hung Q. and Pulkin, Artem and Purwanto, Wirawan and Robinson, Paul J. and Ronca, Enrico and Sayfutyarova, Elvira R. and Scheurer, Maximilian and Schurkus, Henry F. and Smith, James E. T. and Sun, Chong and Sun, Shi-Ning and Upadhyay, Shiv and Wagner, Lucas K. and Wang, Xiao and White, Alec and Whitfield, James Daniel and Williamson, Mark J. and Wouters, Sebastian and Yang, Jun and Yu, Jason M. and Zhu, Tianyu and Berkelbach, Timothy C. and Sharma, Sandeep and Sokolov, Alexander Yu. and Chan, Garnet Kin-Lic},
  year = {2020},
  month = jul,
  journal = {J. Chem. Phys.},
  volume = {153},
  pages = {024109},
  doi = {10.1063/5.0006074}
}

@article{10.1063/5.0021036,
  title = {Toward a Systematic Improvement of the Fixed-Node Approximation in Diffusion {{Monte Carlo}} for Solids\textemdash{{A}} Case Study in Diamond},
  author = {Benali, Anouar and Gasperich, Kevin and Jordan, Kenneth D. and Applencourt, Thomas and Luo, Ye and Bennett, M. Chandler and Krogel, Jaron T. and Shulenburger, Luke and Kent, Paul R. C. and Loos, Pierre-Fran{\c c}ois and Scemama, Anthony and Caffarel, Michel},
  year = {2020},
  month = nov,
  journal = {J. Chem. Phys.},
  volume = {153},
  pages = {184111},
  doi = {10.1063/5.0021036}
}

@article{10.1063/5.0028071,
  title = {Effect of Molecular Constitution and Conformation on Positron Binding and Annihilation in Alkanes},
  author = {Swann, A. R. and Gribakin, G. F.},
  year = {2020},
  month = nov,
  journal = {J. Chem. Phys.},
  volume = {153},
  pages = {184311},
  doi = {10.1063/5.0028071}
}

@article{10.1063/5.0030942,
  title = {The Role of High-Order Electron Correlation Effects in a Model System for Non-Valence Correlation-Bound Anions},
  author = {Upadhyay, Shiv and Dumi, Amanda and Shee, James and Jordan, Kenneth D.},
  year = {2020},
  month = dec,
  journal = {J. Chem. Phys.},
  volume = {153},
  pages = {224118},
  doi = {10.1063/5.0030942}
}

@article{10.1063/5.0036363,
  title = {Local Embedding of Coupled Cluster Theory into the Random Phase Approximation Using Plane Waves},
  author = {Sch{\"a}fer, Tobias and Libisch, Florian and Kresse, Georg and Gr{\"u}neis, Andreas},
  year = {2021},
  month = jan,
  journal = {J. Chem. Phys.},
  volume = {154},
  pages = {011101},
  doi = {10.1063/5.0036363}
}

@article{10.1063/5.0049890,
  title = {Dynamical Correlation Energy of Metals in Large Basis Sets from Downfolding and Composite Approaches},
  author = {Callahan, James M. and Lange, Malte F. and Berkelbach, Timothy C.},
  year = {2021},
  month = jun,
  journal = {J. Chem. Phys.},
  volume = {154},
  pages = {211105},
  doi = {10.1063/5.0049890}
}

@article{10.1063/5.0085982,
  title = {The Binding of Atomic Hydrogen on Graphene from Density Functional Theory and Diffusion {{Monte Carlo}} Calculations},
  author = {Dumi, Amanda and Upadhyay, Shiv and Bernasconi, Leonardo and Shin, Hyeondeok and Benali, Anouar and Jordan, Kenneth D.},
  year = {2022},
  month = apr,
  journal = {J. Chem. Phys.},
  volume = {156},
  pages = {144702},
  doi = {10.1063/5.0085982}
}

@article{10.1073/pnas.1715434115,
  title = {Fast and Accurate Quantum {{Monte Carlo}} for Molecular Crystals},
  author = {Zen, Andrea and Brandenburg, Jan Gerit and Klime{\v s}, Ji{\v r}{\'i} and Tkatchenko, Alexandre and Alf{\`e}, Dario and Michaelides, Angelos},
  year = {2018},
  month = feb,
  journal = {PNAS},
  volume = {115},
  pages = {1724--1729},
  doi = {10.1073/pnas.1715434115}
}

@article{10.1086/311637,
  title = {Gas-{{Phase Electronic Transitions}} of {{Carbon Chain Anions Coinciding}} with {{Diffuse Interstellar Bands}}},
  author = {Tulej, M. and Kirkwood, D. A. and Pachkov, M. and Maier, J. P.},
  year = {1998},
  month = sep,
  journal = {ApJ},
  volume = {506},
  pages = {L69},
  doi = {10.1086/311637}
}

@article{10.1086/321465,
  title = {Photodetachment {{Spectrum}} of L-{{C3H2-}}: {{The Role}} of {{Dipole Bound States}} for {{Electron Attachment}} in {{Interstellar Clouds}}},
  shorttitle = {Photodetachment {{Spectrum}} of L-{{C3H2-}}},
  author = {G{\"u}the, Felix and Tulej, Marek and Pachkov, Mikhail V. and Maier, John P.},
  year = {2001},
  month = jul,
  journal = {ApJ},
  volume = {555},
  pages = {466},
  doi = {10.1086/321465}
}

@article{10.1086/340111,
  title = {A {{Critical Examination}} of the L-{{C3H2- Spectrum}} and the {{Diffuse Interstellar Bands}}},
  author = {McCall, B. J. and Oka, T. and Thorburn, J. and Hobbs, L. M. and York, D. G.},
  year = {2002},
  month = feb,
  journal = {ApJ},
  volume = {567},
  pages = {L145},
  doi = {10.1086/340111}
}

@article{10.1088/0004-637X/726/1/41,
  title = {{{IDENTIFICATION OF H2CCC AS A DIFFUSE INTERSTELLAR BAND CARRIER}}},
  author = {Maier, J. P. and Walker, G. A. H. and Bohlender, D. A. and Mazzotti, F. J. and Raghunandan, R. and Fulara, J. and Garkusha, I. and Nagy, A.},
  year = {2010},
  month = dec,
  journal = {ApJ},
  volume = {726},
  pages = {41},
  doi = {10.1088/0004-637X/726/1/41}
}

@article{10.1088/0034-4885/75/6/066901,
  title = {Ion Chemistry in Space},
  author = {Larsson, M. and Geppert, W. D. and Nyman, G.},
  year = {2012},
  month = may,
  journal = {Rep. Prog. Phys.},
  volume = {75},
  pages = {066901},
  doi = {10.1088/0034-4885/75/6/066901}
}

@article{10.1088/0370-1328/91/2/303,
  title = {Bound States of a Charged Particle in a Dipole Field},
  author = {Crawford, O. H.},
  year = {1967},
  month = jun,
  journal = {Proc. Phys. Soc.},
  volume = {91},
  pages = {279--284},
  doi = {10.1088/0370-1328/91/2/303}
}

@article{10.1088/0953-8984/21/39/395502,
  title = {{{QUANTUM ESPRESSO}}: A Modular and Open-Source Software Project for Quantum Simulations of Materials},
  shorttitle = {{{QUANTUM ESPRESSO}}},
  author = {Giannozzi, Paolo and Baroni, Stefano and Bonini, Nicola and Calandra, Matteo and Car, Roberto and Cavazzoni, Carlo and Ceresoli, Davide and Chiarotti, Guido L. and Cococcioni, Matteo and Dabo, Ismaila and Corso, Andrea Dal and de Gironcoli, Stefano and Fabris, Stefano and Fratesi, Guido and Gebauer, Ralph and Gerstmann, Uwe and Gougoussis, Christos and Kokalj, Anton and Lazzeri, Michele and {Martin-Samos}, Layla and Marzari, Nicola and Mauri, Francesco and Mazzarello, Riccardo and Paolini, Stefano and Pasquarello, Alfredo and Paulatto, Lorenzo and Sbraccia, Carlo and Scandolo, Sandro and Sclauzero, Gabriele and Seitsonen, Ari P. and Smogunov, Alexander and Umari, Paolo and Wentzcovitch, Renata M.},
  year = {2009},
  month = sep,
  journal = {J. Phys.: Condens. Matter},
  volume = {21},
  pages = {395502},
  doi = {10.1088/0953-8984/21/39/395502}
}

@article{10.1088/0953-8984/22/2/023201,
  title = {Continuum Variational and Diffusion Quantum {{Monte Carlo}} Calculations},
  author = {Needs, R. J. and Towler, M. D. and Drummond, N. D. and R{\'i}os, P. L{\'o}pez},
  year = {2009},
  month = dec,
  journal = {J. Phys.: Condens. Matter},
  volume = {22},
  pages = {023201},
  doi = {10.1088/0953-8984/22/2/023201}
}

@article{10.1088/0957-4484/19/15/155708,
  title = {Hydrogen Adsorption on Boron Doped Graphene: An Ab Initio Study},
  shorttitle = {Hydrogen Adsorption on Boron Doped Graphene},
  author = {Miwa, R. H. and Martins, T. B. and Fazzio, A.},
  year = {2008},
  month = mar,
  journal = {Nanotechnology},
  volume = {19},
  pages = {155708},
  doi = {10.1088/0957-4484/19/15/155708}
}

@article{10.1088/1361-648X/aa8f79,
  title = {Advanced Capabilities for Materials Modelling with {{Quantum ESPRESSO}}},
  author = {Giannozzi, P. and Andreussi, O. and Brumme, T. and Bunau, O. and Nardelli, M. Buongiorno and Calandra, M. and Car, R. and Cavazzoni, C. and Ceresoli, D. and Cococcioni, M. and Colonna, N. and Carnimeo, I. and Corso, A. Dal and de Gironcoli, S. and Delugas, P. and DiStasio, R. A. and Ferretti, A. and Floris, A. and Fratesi, G. and Fugallo, G. and Gebauer, R. and Gerstmann, U. and Giustino, F. and Gorni, T. and Jia, J. and Kawamura, M. and Ko, H.-Y. and Kokalj, A. and K{\"u}{\c c}{\"u}kbenli, E. and Lazzeri, M. and Marsili, M. and Marzari, N. and Mauri, F. and Nguyen, N. L. and Nguyen, H.-V. and {Otero-de-la-Roza}, A. and Paulatto, L. and Ponc{\'e}, S. and Rocca, D. and Sabatini, R. and Santra, B. and Schlipf, M. and Seitsonen, A. P. and Smogunov, A. and Timrov, I. and Thonhauser, T. and Umari, P. and Vast, N. and Wu, X. and Baroni, S.},
  year = {2017},
  month = oct,
  journal = {J. Phys.: Condens. Matter},
  volume = {29},
  pages = {465901},
  doi = {10.1088/1361-648X/aa8f79}
}

@article{10.1088/1361-648X/aab9c3,
  title = {{{QMCPACK}}: An Open Source Ab Initio Quantum {{Monte Carlo}} Package for the Electronic Structure of Atoms, Molecules and Solids},
  shorttitle = {{{QMCPACK}}},
  author = {Kim, Jeongnim and Baczewski, Andrew D. and Beaudet, Todd D. and Benali, Anouar and Bennett, M. Chandler and Berrill, Mark A. and Blunt, Nick S. and Borda, Edgar Josu{\'e} Landinez and Casula, Michele and Ceperley, David M. and Chiesa, Simone and Clark, Bryan K. and Clay, Raymond C. and Delaney, Kris T. and Dewing, Mark and Esler, Kenneth P. and Hao, Hongxia and Heinonen, Olle and Kent, Paul R. C. and Krogel, Jaron T. and Kyl{\"a}np{\"a}{\"a}, Ilkka and Li, Ying Wai and Lopez, M. Graham and Luo, Ye and Malone, Fionn D. and Martin, Richard M. and Mathuriya, Amrita and McMinis, Jeremy and Melton, Cody A. and Mitas, Lubos and Morales, Miguel A. and Neuscamman, Eric and Parker, William D. and Flores, Sergio D. Pineda and Romero, Nichols A. and Rubenstein, Brenda M. and Shea, Jacqueline A. R. and Shin, Hyeondeok and Shulenburger, Luke and Tillack, Andreas F. and Townsend, Joshua P. and Tubman, Norm M. and Goetz, Brett Van Der and Vincent, Jordan E. and Yang, D. ChangMo and Yang, Yubo and Zhang, Shuai and Zhao, Luning},
  year = {2018},
  month = apr,
  journal = {J. Phys.: Condens. Matter},
  volume = {30},
  pages = {195901},
  doi = {10.1088/1361-648X/aab9c3}
}

@article{10.1088/1742-6596/100/5/052087,
  title = {{{DFT}} Calculation for Adatom Adsorption on Graphene Sheet as a Prototype of Carbon Nanotube Functionalization},
  author = {Ishii, A. and Yamamoto, M. and Asano, H. and Fujiwara, K.},
  year = {2008},
  month = mar,
  journal = {J. Phys.: Conf. Ser.},
  volume = {100},
  pages = {052087},
  doi = {10.1088/1742-6596/100/5/052087}
}

@article{10.1088/2053-1583/ab03a0,
  title = {Hydrogen Physisorption Channel on Graphene: A Highway for Atomic {{H}} Diffusion},
  shorttitle = {Hydrogen Physisorption Channel on Graphene},
  author = {{Gonz{\'a}lez-Herrero}, H. and R{\'i}o, E. Cort{\'e}s-del and Mallet, P. and Veuillen, J.-Y. and Palacios, J. J. and {G{\'o}mez-Rodr{\'i}guez}, J. M. and Brihuega, I. and Yndur{\'a}in, F.},
  year = {2019},
  month = mar,
  journal = {2D Mater.},
  volume = {6},
  pages = {021004},
  doi = {10.1088/2053-1583/ab03a0}
}

@article{10.1103/PhysRev.174.81,
  title = {Ground-{{State Energy Eigenvalues}} and {{Eigenfunctions}} for an {{Electron}} in an {{Electric-Dipole Field}}},
  author = {Turner, J. E. and Anderson, V. E. and Fox, Kenneth},
  year = {1968},
  month = oct,
  journal = {Phys. Rev.},
  volume = {174},
  pages = {81--89},
  doi = {10.1103/PhysRev.174.81}
}

@article{10.1103/PhysRev.46.618,
  title = {Note on an {{Approximation Treatment}} for {{Many-Electron Systems}}},
  author = {M{\o}ller, {\relax Chr} and Plesset, M. S.},
  year = {1934},
  month = oct,
  journal = {Phys. Rev.},
  volume = {46},
  pages = {618--622},
  doi = {10.1103/PhysRev.46.618}
}

@article{10.1103/PhysRev.72.399,
  title = {The {{Capture}} of {{Negative Mesotrons}} in {{Matter}}},
  author = {Fermi, E. and Teller, E.},
  year = {1947},
  month = sep,
  journal = {Phys. Rev.},
  volume = {72},
  pages = {399--408},
  doi = {10.1103/PhysRev.72.399}
}

@article{10.1103/PhysRev.98.1479,
  title = {Many-{{Body Problem}} with {{Strong Forces}}},
  author = {Jastrow, Robert},
  year = {1955},
  month = jun,
  journal = {Phys. Rev.},
  volume = {98},
  pages = {1479--1484},
  doi = {10.1103/PhysRev.98.1479}
}

@article{10.1103/PhysRevA.101.022702,
  title = {Model-Potential Calculations of Positron Binding, Scattering, and Annihilation for Atoms and Small Molecules Using a {{Gaussian}} Basis},
  author = {Swann, A. R. and Gribakin, G. F.},
  year = {2020},
  month = feb,
  journal = {Phys. Rev. A},
  volume = {101},
  pages = {022702},
  doi = {10.1103/PhysRevA.101.022702}
}

@article{10.1103/PhysRevA.3.961,
  title = {Critical {{Binding}} of an {{Electron}} to a {{Rotationally Excited Dipolar System}}},
  author = {Garrett, W. R.},
  year = {1971},
  month = mar,
  journal = {Phys. Rev. A},
  volume = {3},
  pages = {961--972},
  doi = {10.1103/PhysRevA.3.961}
}

@article{10.1103/PhysRevA.38.3098,
  title = {Density-Functional Exchange-Energy Approximation with Correct Asymptotic Behavior},
  author = {Becke, A. D.},
  year = {1988},
  month = sep,
  journal = {Phys. Rev. A},
  volume = {38},
  pages = {3098--3100},
  doi = {10.1103/PhysRevA.38.3098}
}

@article{10.1103/PhysRevA.51.3667,
  title = {Determination of Electron Binding Energies of Ground-State Dipole-Bound Molecular Anions},
  author = {Desfran{\c c}ois, C.},
  year = {1995},
  month = may,
  journal = {Phys. Rev. A},
  volume = {51},
  pages = {3667--3675},
  doi = {10.1103/PhysRevA.51.3667}
}

@article{10.1103/PhysRevA.54.1906,
  title = {Contribution of Electron Correlation to the Stability of Dipole-Bound Anionic States},
  author = {Gutowski, Maciej and Skurski, Piotr and Boldyrev, Alexander I. and Simons, Jack and Jordan, Kenneth D.},
  year = {1996},
  month = sep,
  journal = {Phys. Rev. A},
  volume = {54},
  pages = {1906--1909},
  doi = {10.1103/PhysRevA.54.1906}
}

@article{10.1103/PhysRevB.100.075430,
  title = {Diffusion {{Monte Carlo}} Study of \$\{\textbackslash mathrm\{\vphantom{\}\}}{{O}}\vphantom\{\}\vphantom\{\}\_\{2\}\$ Adsorption on Single Layer Graphene},
  author = {Shin, Hyeondeok and Luo, Ye and Benali, Anouar and Kwon, Yongkyung},
  year = {2019},
  month = aug,
  journal = {Phys. Rev. B},
  volume = {100},
  pages = {075430},
  doi = {10.1103/PhysRevB.100.075430}
}

@article{10.1103/PhysRevB.13.5188,
  title = {Special Points for {{Brillouin-zone}} Integrations},
  author = {Monkhorst, Hendrik J. and Pack, James D.},
  year = {1976},
  month = jun,
  journal = {Phys. Rev. B},
  volume = {13},
  pages = {5188--5192},
  doi = {10.1103/PhysRevB.13.5188}
}

@article{10.1103/PhysRevB.24.4295,
  title = {Monte {{Carlo}} Calculations of Coupled Boson-Fermion Systems. {{II}}},
  author = {Scalapino, D. J. and Sugar, R. L.},
  year = {1981},
  month = oct,
  journal = {Phys. Rev. B},
  volume = {24},
  pages = {4295--4308},
  doi = {10.1103/PhysRevB.24.4295}
}

@article{10.1103/PhysRevB.37.785,
  title = {Development of the {{Colle-Salvetti}} Correlation-Energy Formula into a Functional of the Electron Density},
  author = {Lee, Chengteh and Yang, Weitao and Parr, Robert G.},
  year = {1988},
  month = jan,
  journal = {Phys. Rev. B},
  volume = {37},
  pages = {785--789},
  doi = {10.1103/PhysRevB.37.785}
}

@article{10.1103/PhysRevB.55.7464,
  title = {Constrained Path {{Monte Carlo}} Method for Fermion Ground States},
  author = {Zhang, Shiwei and Carlson, J. and Gubernatis, J. E.},
  year = {1997},
  month = mar,
  journal = {Phys. Rev. B},
  volume = {55},
  pages = {7464--7477},
  doi = {10.1103/PhysRevB.55.7464}
}

@article{10.1103/PhysRevB.70.235119,
  title = {Jastrow Correlation Factor for Atoms, Molecules, and Solids},
  author = {Drummond, N. D. and Towler, M. D. and Needs, R. J.},
  year = {2004},
  month = dec,
  journal = {Phys. Rev. B},
  volume = {70},
  pages = {235119},
  doi = {10.1103/PhysRevB.70.235119}
}

@article{10.1103/PhysRevB.72.085124,
  title = {Variance-Minimization Scheme for Optimizing {{Jastrow}} Factors},
  author = {Drummond, N. D. and Needs, R. J.},
  year = {2005},
  month = aug,
  journal = {Phys. Rev. B},
  volume = {72},
  pages = {085124},
  doi = {10.1103/PhysRevB.72.085124}
}

@article{10.1103/PhysRevB.73.075103,
  title = {Auxiliary-Field Quantum {{Monte Carlo}} Study of {{TiO}} and {{MnO}} Molecules},
  author = {{Al-Saidi}, W. A. and Krakauer, Henry and Zhang, Shiwei},
  year = {2006},
  month = feb,
  journal = {Phys. Rev. B},
  volume = {73},
  pages = {075103},
  doi = {10.1103/PhysRevB.73.075103}
}

@article{10.1103/PhysRevB.74.161102,
  title = {Beyond the Locality Approximation in the Standard Diffusion {{Monte Carlo}} Method},
  author = {Casula, Michele},
  year = {2006},
  month = oct,
  journal = {Phys. Rev. B},
  volume = {74},
  pages = {161102},
  doi = {10.1103/PhysRevB.74.161102}
}

@article{10.1103/PhysRevB.75.245123,
  title = {Phaseless Auxiliary-Field Quantum {{Monte Carlo}} Calculations with Plane Waves and Pseudopotentials: {{Applications}} to Atoms and Molecules},
  shorttitle = {Phaseless Auxiliary-Field Quantum {{Monte Carlo}} Calculations with Plane Waves and Pseudopotentials},
  author = {Suewattana, Malliga and Purwanto, Wirawan and Zhang, Shiwei and Krakauer, Henry and Walter, Eric J.},
  year = {2007},
  month = jun,
  journal = {Phys. Rev. B},
  volume = {75},
  pages = {245123},
  doi = {10.1103/PhysRevB.75.245123}
}

@article{10.1103/PhysRevB.77.035427,
  title = {Hydrogen on Graphene: {{Electronic}} Structure, Total Energy, Structural Distortions and Magnetism from First-Principles Calculations},
  shorttitle = {Hydrogen on Graphene},
  author = {Boukhvalov, D. W. and Katsnelson, M. I. and Lichtenstein, A. I.},
  year = {2008},
  month = jan,
  journal = {Phys. Rev. B},
  volume = {77},
  pages = {035427},
  doi = {10.1103/PhysRevB.77.035427}
}

@article{10.1103/PhysRevB.78.041402,
  title = {Hydrogen Storage by Spillover on Graphene as a Phase Nucleation Process},
  author = {Lin, Yu and Ding, Feng and Yakobson, Boris I.},
  year = {2008},
  month = jul,
  journal = {Phys. Rev. B},
  volume = {78},
  pages = {041402},
  doi = {10.1103/PhysRevB.78.041402}
}

@article{10.1103/PhysRevB.84.033402,
  title = {Adsorption and Diffusion of Water on Graphene from First Principles},
  author = {Ma, Jie and Michaelides, Angelos and Alf{\`e}, Dario and Schimka, Laurids and Kresse, Georg and Wang, Enge},
  year = {2011},
  month = jul,
  journal = {Phys. Rev. B},
  volume = {84},
  pages = {033402},
  doi = {10.1103/PhysRevB.84.033402}
}

@article{10.1103/PhysRevB.93.241118,
  title = {Boosting the Accuracy and Speed of Quantum {{Monte Carlo}}: {{Size}} Consistency and Time Step},
  shorttitle = {Boosting the Accuracy and Speed of Quantum {{Monte Carlo}}},
  author = {Zen, Andrea and Sorella, Sandro and Gillan, Michael J. and Michaelides, Angelos and Alf{\`e}, Dario},
  year = {2016},
  month = jun,
  journal = {Phys. Rev. B},
  volume = {93},
  pages = {241118},
  doi = {10.1103/PhysRevB.93.241118}
}

@article{10.1103/PhysRevD.24.2278,
  title = {Monte {{Carlo}} Calculations of Coupled Boson-Fermion Systems. {{I}}},
  author = {Blankenbecler, R. and Scalapino, D. J. and Sugar, R. L.},
  year = {1981},
  month = oct,
  journal = {Phys. Rev. D},
  volume = {24},
  pages = {2278--2286},
  doi = {10.1103/PhysRevD.24.2278}
}

@article{10.1103/PhysRevE.64.016702,
  title = {Twist-Averaged Boundary Conditions in Continuum Quantum {{Monte Carlo}} Algorithms},
  author = {Lin, C. and Zong, F. H. and Ceperley, D. M.},
  year = {2001},
  month = jun,
  journal = {Phys. Rev. E},
  volume = {64},
  pages = {016702},
  doi = {10.1103/PhysRevE.64.016702}
}

@article{10.1103/PhysRevE.74.066701,
  title = {Inhomogeneous Backflow Transformations in Quantum {{Monte Carlo}} Calculations},
  author = {L{\'o}pez R{\'i}os, P. and Ma, A. and Drummond, N. D. and Towler, M. D. and Needs, R. J.},
  year = {2006},
  month = dec,
  journal = {Phys. Rev. E},
  volume = {74},
  pages = {066701},
  doi = {10.1103/PhysRevE.74.066701}
}

@article{10.1103/PhysRevLett.107.133401,
  title = {Anions of {{Xenon Clusters Bound}} by {{Long-Range Electron Correlations}}},
  author = {Bezchastnov, Victor G. and Vysotskiy, Victor P. and Cederbaum, Lorenz S.},
  year = {2011},
  month = sep,
  journal = {Phys. Rev. Lett.},
  volume = {107},
  pages = {133401},
  doi = {10.1103/PhysRevLett.107.133401}
}

@article{10.1103/PhysRevLett.116.033401,
  title = {Positronium {{Confinement}} in {{Small Cavities}}: {{A Two-Particle Model}} for the {{Lowering}} of {{Contact Density}}},
  shorttitle = {Positronium {{Confinement}} in {{Small Cavities}}},
  author = {Marlotti Tanzi, G. and Castelli, F. and Consolati, G.},
  year = {2016},
  month = jan,
  journal = {Phys. Rev. Lett.},
  volume = {116},
  pages = {033401},
  doi = {10.1103/PhysRevLett.116.033401}
}

@article{10.1103/PhysRevLett.3.77,
  title = {Calculation of {{Partition Functions}}},
  author = {Hubbard, J.},
  year = {1959},
  month = jul,
  journal = {Phys. Rev. Lett.},
  volume = {3},
  pages = {77--78},
  doi = {10.1103/PhysRevLett.3.77}
}

@article{10.1103/PhysRevLett.52.2221,
  title = {Observation of {{Dipole-Bound States}} of {{Negative Ions}}},
  author = {Lykke, Keith R. and Mead, Roy D. and Lineberger, W. C.},
  year = {1984},
  month = jun,
  journal = {Phys. Rev. Lett.},
  volume = {52},
  pages = {2221--2224},
  doi = {10.1103/PhysRevLett.52.2221}
}

@article{10.1103/PhysRevLett.73.2436,
  title = {From \$\textbackslash frac\{1\}\{r\}\$ to \$\textbackslash frac\{1\}\{\{r\}\^\{2\}\}\$ {{Potentials}}: {{Electron Exchange}} between {{Rydberg Atoms}} and {{Polar Molecules}}},
  shorttitle = {From \$\textbackslash frac\{1\}\{r\}\$ to \$\textbackslash frac\{1\}\{\{r\}\^\{2\}\}\$ {{Potentials}}},
  author = {Desfran{\c c}ois, C. and {Abdoul-Carime}, H. and Khelifa, N. and Schermann, J. P.},
  year = {1994},
  month = oct,
  journal = {Phys. Rev. Lett.},
  volume = {73},
  pages = {2436--2439},
  doi = {10.1103/PhysRevLett.73.2436}
}

@article{10.1103/PhysRevLett.77.3865,
  title = {Generalized {{Gradient Approximation Made Simple}}},
  author = {Perdew, John P. and Burke, Kieron and Ernzerhof, Matthias},
  year = {1996},
  month = oct,
  journal = {Phys. Rev. Lett.},
  volume = {77},
  pages = {3865--3868},
  doi = {10.1103/PhysRevLett.77.3865}
}

@article{10.1103/PhysRevLett.82.3296,
  title = {Thermal {{Contraction}} and {{Disordering}} of the {{Al}}(110) {{Surface}}},
  author = {Marzari, Nicola and Vanderbilt, David and De Vita, Alessandro and Payne, M. C.},
  year = {1999},
  month = apr,
  journal = {Phys. Rev. Lett.},
  volume = {82},
  pages = {3296--3299},
  doi = {10.1103/PhysRevLett.82.3296}
}

@article{10.1103/PhysRevLett.90.136401,
  title = {Quantum {{Monte Carlo Method}} Using {{Phase-Free Random Walks}} with {{Slater Determinants}}},
  author = {Zhang, Shiwei and Krakauer, Henry},
  year = {2003},
  month = apr,
  journal = {Phys. Rev. Lett.},
  volume = {90},
  pages = {136401},
  doi = {10.1103/PhysRevLett.90.136401}
}

@article{10.1103/PhysRevLett.93.187202,
  title = {Irradiation-{{Induced Magnetism}} in {{Graphite}}: {{A Density Functional Study}}},
  shorttitle = {Irradiation-{{Induced Magnetism}} in {{Graphite}}},
  author = {Lehtinen, P. O. and Foster, A. S. and Ma, Yuchen and Krasheninnikov, A. V. and Nieminen, R. M.},
  year = {2004},
  month = oct,
  journal = {Phys. Rev. Lett.},
  volume = {93},
  pages = {187202},
  doi = {10.1103/PhysRevLett.93.187202}
}

@article{10.1103/PhysRevLett.98.110201,
  title = {Alleviation of the {{Fermion-Sign Problem}} by {{Optimization}} of {{Many-Body Wave Functions}}},
  author = {Umrigar, C. J. and Toulouse, Julien and Filippi, Claudia and Sorella, S. and Hennig, R. G.},
  year = {2007},
  month = mar,
  journal = {Phys. Rev. Lett.},
  volume = {98},
  pages = {110201},
  doi = {10.1103/PhysRevLett.98.110201}
}

@article{10.1103/RevModPhys.73.33,
  title = {Quantum {{Monte Carlo}} Simulations of Solids},
  author = {Foulkes, W. M. C. and Mitas, L. and Needs, R. J. and Rajagopal, G.},
  year = {2001},
  month = jan,
  journal = {Rev. Mod. Phys.},
  volume = {73},
  pages = {33--83},
  doi = {10.1103/RevModPhys.73.33}
}

@article{10.1107/S0021889811038970,
  title = {{{VESTA}} 3 for Three-Dimensional Visualization of Crystal, Volumetric and Morphology Data},
  author = {Momma, K. and Izumi, F.},
  year = {2011},
  month = dec,
  journal = {J Appl Cryst},
  volume = {44},
  pages = {1272--1276},
  doi = {10.1107/S0021889811038970}
}

@article{10.1109/MCSE.2007.55,
  title = {Matplotlib: {{A 2D Graphics Environment}}},
  shorttitle = {Matplotlib},
  author = {Hunter, John D.},
  year = {2007},
  month = may,
  journal = {Comput. Sci. Eng.},
  volume = {9},
  pages = {90--95},
  doi = {10.1109/MCSE.2007.55}
}

@article{10.1109/MCSE.2010.122,
  title = {Accelerating {{Quantum Monte Carlo Simulations}} of {{Real Materials}} on {{GPU Clusters}}},
  author = {Esler, Kenneth and Kim, Jeongnim and Ceperley, David and Shulenburger, Luke},
  year = {2012},
  month = jan,
  journal = {Comput. Sci. Eng.},
  volume = {14},
  pages = {40--51},
  doi = {10.1109/MCSE.2010.122}
}

@article{10.1126/science.1158877,
  title = {Graphene: {{Status}} and {{Prospects}}},
  shorttitle = {Graphene},
  author = {Geim, A. K.},
  year = {2009},
  month = jun,
  journal = {Science},
  volume = {324},
  pages = {1530--1534},
  doi = {10.1126/science.1158877}
}

@article{10.1126/science.aad8038,
  title = {Atomic-Scale Control of Graphene Magnetism by Using Hydrogen Atoms},
  author = {{Gonz{\'a}lez-Herrero}, H{\'e}ctor and {G{\'o}mez-Rodr{\'i}guez}, Jos{\'e} M. and Mallet, Pierre and Moaied, Mohamed and Palacios, Juan Jos{\'e} and Salgado, Carlos and Ugeda, Miguel M. and Veuillen, Jean-Yves and Yndurain, F{\'e}lix and Brihuega, Iv{\'a}n},
  year = {2016},
  month = apr,
  journal = {Science},
  volume = {352},
  pages = {437--441},
  doi = {10.1126/science.aad8038}
}

@article{10.1126/science.aaw6378,
  title = {Imaging Covalent Bond Formation by {{H}} Atom Scattering from Graphene},
  author = {Jiang, Hongyan and Kammler, Marvin and Ding, Feizhi and Dorenkamp, Yvonne and Manby, Frederick R. and Wodtke, {\relax Alec. M} and Miller, Thomas F. and Kandratsenka, Alexander and B{\"u}nermann, Oliver},
  year = {2019},
  month = apr,
  journal = {Science},
  volume = {364},
  pages = {379--382},
  doi = {10.1126/science.aaw6378}
}

@article{10.1134/S1995078020030027,
  title = {Graphene and {{Graphene-Like Materials}} for {{Hydrogen Energy}}},
  author = {Alekseeva, O. K. and Pushkareva, I. V. and Pushkarev, A. S. and Fateev, V. N.},
  year = {2020},
  month = may,
  journal = {Nanotechnol Russia},
  volume = {15},
  pages = {273--300},
  doi = {10.1134/S1995078020030027}
}

@article{10.1139/p80-159,
  title = {Accurate Spin-Dependent Electron Liquid Correlation Energies for Local Spin Density Calculations: A Critical Analysis},
  shorttitle = {Accurate Spin-Dependent Electron Liquid Correlation Energies for Local Spin Density Calculations},
  author = {Vosko, S. H. and Wilk, L. and Nusair, M.},
  year = {1980},
  month = aug,
  journal = {Can. J. Phys.},
  volume = {58},
  pages = {1200--1211},
  doi = {10.1139/p80-159}
}

@article{10.1142/S0217979296000520,
  title = {Ground-State Dipole-Bound Anions},
  author = {Desfran{\c c}ois, Charles and {Abdoul-Carime}, Hassan and Schermann, Jean-Pierre},
  year = {1996},
  month = may,
  journal = {Int. J. Mod. Phys. B},
  volume = {10},
  pages = {1339--1395},
  doi = {10.1142/S0217979296000520}
}

@article{10.1146/annurev.physchem.54.011002.103851,
  title = {Theory of {{Dipole-Bound Anions}}},
  author = {Jordan, Kenneth D. and Wang, Feng},
  year = {2003},
  journal = {Annu. Rev. Phys. Chem.},
  volume = {54},
  pages = {367--396},
  doi = {10.1146/annurev.physchem.54.011002.103851},
  pmid = {12626734}
}

@article{10.3390/reactions2030014,
  title = {Adsorption-{{Based Hydrogen Storage}} in {{Activated Carbons}} and {{Model Carbon Structures}}},
  author = {Fomkin, Anatoly and Pribylov, Anatoly and Men'shchikov, Ilya and Shkolin, Andrey and Aksyutin, Oleg and Ishkov, Alexander and Romanov, Konstantin and Khozina, Elena},
  year = {2021},
  month = sep,
  journal = {Reactions},
  volume = {2},
  pages = {209--226},
  doi = {10.3390/reactions2030014}
}

@misc{cfour,
  title = {{{CFOUR}}, Coupled-Cluster Techniques for Computational Chemistry, a Quantum-Chemical Program Package},
  author = {Stanton, J. F. and Gauss, J. and Cheng, L. and Harding, M. E. and Matthews, D. A. and Szalay, P. G.}
}

@inproceedings{exp-dipole,
  title = {Selected Values of Electric Dipole Moments for Molecules in the Gas Phase},
  author = {{Ralph Daniel Nelson {and} David R. Lide {and} Arthur A. Maryott}},
  year = {1967},
  month = jan
}

@article{lebedevlaikov,
  title = {A {{QUADRATURE FORMULA FOR THE SPHERE OF THE 131ST ALGEBRAIC ORDER OF ACCURACY}}},
  author = {Lebedev, V. I. and Laikov, Dimitri N.},
  year = {1999},
  journal = {Dokl. Math.},
  volume = {59},
  pages = {477--481}
}

@inproceedings{PW91,
  title = {Unified Theory of Exchange and Correlation beyond the Local Density Approximation},
  booktitle = {Electron. {{Struct}}. {{Solids}} 91},
  author = {Perdew, J. P},
  editor = {Ziesche, P. and Eschrig, H.},
  year = {1991},
  series = {Physical Research},
  volume = {17},
  pages = {11--20},
  address = {{Berlin}}
}

@misc{quadpy,
  title = {Nschloe/Quadpy v0.15.2},
  author = {Schl{\"o}mer, Nico and Papior, Nick R. and Arnold, Darius and Ancellin, Matthieu and Zetter, Rasmus},
  year = {2020},
  month = aug,
  doi = {10.5281/zenodo.3975551},
  howpublished = {Zenodo}
}

@incollection{Zhang_AFQMC_BookChapter,
  title = {Auxiliary-{{Field Quantum Monte Carlo}} for {{Correlated Electron Systems}}},
  booktitle = {Emergent Phenomena in Correlated Matter: Lecture Notes of the {{Autumn School Correlated Electrons}} 2013: At {{Forschungszentrum J\"ulich}}, 23-27 {{September}} 2013},
  author = {Zhang, Shiwei},
  editor = {Pavarini, Eva and Koch, Erik and Schollw{\"o}ck, Ulrich},
  year = {2013},
  series = {Schriften Des {{Forschungszentrums J\"ulich}}. {{Reihe Modeling}} and {{Simulation}}},
  pages = {15.1-15.31},
  address = {{J\"ulich}},
  isbn = {978-3-89336-884-6}
}
